
@article{ WOS:000394134600011,
Author = {McInnes, Robert J. and Simpson, Matthew and Lopez, Beatriz and Hawkins,
   Robbie and Shore, Robert},
Title = {Wetland Ecosystem Services and the Ramsar Convention: an Assessment of
   Needs},
Journal = {WETLANDS},
Year = {2017},
Volume = {37},
Number = {1},
Pages = {123-134},
Month = {FEB},
DOI = {10.1007/s13157-016-0849-1},
ISSN = {0277-5212},
EISSN = {1943-6246},
Unique-ID = {WOS:000394134600011},
}

@article{ WOS:000316843500011,
Author = {Bryan, Brett A.},
Title = {Incentives, land use, and ecosystem services: Synthesizing complex
   linkages},
Journal = {ENVIRONMENTAL SCIENCE \& POLICY},
Year = {2013},
Volume = {27},
Pages = {124-134},
Month = {MAR},
DOI = {10.1016/j.envsci.2012.12.010},
ISSN = {1462-9011},
EISSN = {1873-6416},
ResearcherID-Numbers = {Bryan, Brett Anthony/F-8949-2010},
ORCID-Numbers = {Bryan, Brett Anthony/0000-0003-4834-5641},
Unique-ID = {WOS:000316843500011},
}

@article{ WOS:000436598300011,
Author = {Leroy, Gregoire and Baumung, Roswitha and Boettcher, Paul and Besbes,
   Badi and From, Tatiana and Hoffmann, Irene},
Title = {Animal genetic resources diversity and ecosystem services},
Journal = {GLOBAL FOOD SECURITY-AGRICULTURE POLICY ECONOMICS AND ENVIRONMENT},
Year = {2018},
Volume = {17},
Pages = {84-91},
Month = {JUN},
DOI = {10.1016/j.gfs.2018.04.003},
ISSN = {2211-9124},
Unique-ID = {WOS:000436598300011},
}

@article{ WOS:000295639400006,
Author = {Lundy, L. and Wade, R.},
Title = {Integrating sciences to sustain urban ecosystem services},
Journal = {PROGRESS IN PHYSICAL GEOGRAPHY-EARTH AND ENVIRONMENT},
Year = {2011},
Volume = {35},
Number = {5, SI},
Pages = {653-669},
Month = {OCT},
DOI = {10.1177/0309133311422464},
ISSN = {0309-1333},
EISSN = {1477-0296},
Unique-ID = {WOS:000295639400006},
}

@article{ WOS:000458352900013,
Author = {Winkler, Klara J. and Viers, Joshua H. and Nicholas, Kimberly A.},
Title = {Assessing Ecosystem Services and Multifunctionality for Vineyard Systems},
Journal = {FRONTIERS IN ENVIRONMENTAL SCIENCE},
Year = {2017},
Volume = {5},
DOI = {10.3389/fenvs.2017.00015},
Article-Number = {15},
EISSN = {2296-665X},
ResearcherID-Numbers = {Nicholas, Kimberly/G-3669-2010
   },
ORCID-Numbers = {Viers, Joshua/0000-0001-7957-7942
   Nicholas, Kimberly/0000-0002-4756-7851
   Winkler, Klara Johanna/0000-0001-7086-5585},
Unique-ID = {WOS:000458352900013},
}

@article{ WOS:000362308300011,
Author = {Adhikari, Kabindra and Hartemink, Alfred E.},
Title = {Linking soils to ecosystem services - A global review},
Journal = {GEODERMA},
Year = {2016},
Volume = {262},
Pages = {101-111},
Month = {JAN 15},
DOI = {10.1016/j.geoderma.2015.08.009},
ISSN = {0016-7061},
EISSN = {1872-6259},
ResearcherID-Numbers = {Hartemink, Alfred/G-1149-2011
   Adhikari, Kabindra/H-3273-2019},
ORCID-Numbers = {Hartemink, Alfred/0000-0002-5797-6798
   Adhikari, Kabindra/0000-0002-1365-7015},
Unique-ID = {WOS:000362308300011},
}

@article{ WOS:000286431900001,
Author = {Fu, Bo-Jie and Su, Chang-Hong and Wei, Yong-Ping and Willett, Ian R. and
   Lue, Yi-He and Liu, Guo-Hua},
Title = {Double counting in ecosystem services valuation: causes and
   countermeasures},
Journal = {ECOLOGICAL RESEARCH},
Year = {2011},
Volume = {26},
Number = {1},
Pages = {1-14},
Month = {JAN},
DOI = {10.1007/s11284-010-0766-3},
ISSN = {0912-3814},
EISSN = {1440-1703},
ResearcherID-Numbers = {Fu, Bojie/B-1493-2009},
Unique-ID = {WOS:000286431900001},
}

@article{ WOS:000324227900014,
Author = {Gret-Regamey, Adrienne and Brunner, Sibyl H. and Altwegg, Juerg and
   Bebi, Peter},
Title = {Facing uncertainty in ecosystem services-based resource management},
Journal = {JOURNAL OF ENVIRONMENTAL MANAGEMENT},
Year = {2013},
Volume = {127},
Number = {S},
Pages = {S145-S154},
Month = {SEP},
DOI = {10.1016/j.jenvman.2012.07.028},
ISSN = {0301-4797},
EISSN = {1095-8630},
ResearcherID-Numbers = {Grêt-Regamey, Adrienne/HPE-6858-2023
   Bebi, Peter/L-8385-2016
   Grêt-Regamey, Adrienne/AAZ-7546-2021
   },
ORCID-Numbers = {Grêt-Regamey, Adrienne/0000-0001-8156-9503
   Grêt-Regamey, Adrienne/0000-0001-8156-9503
   Bebi, Peter/0000-0001-8868-6569},
Unique-ID = {WOS:000324227900014},
}

@article{ WOS:000404127800012,
Author = {Fujii, Hidemichi and Sato, Masayuki and Managi, Shunsuke},
Title = {Decomposition Analysis of Forest Ecosystem Services Values},
Journal = {SUSTAINABILITY},
Year = {2017},
Volume = {9},
Number = {5},
Month = {MAY},
DOI = {10.3390/su9050687},
Article-Number = {687},
ISSN = {2071-1050},
ResearcherID-Numbers = {Managi, Shunsuke/G-1740-2013
   Fujii, Hidemichi/E-8261-2014},
ORCID-Numbers = {Managi, Shunsuke/0000-0001-7883-1427
   Fujii, Hidemichi/0000-0002-3043-1122},
Unique-ID = {WOS:000404127800012},
}

@article{ WOS:000323867500025,
Author = {Jax, Kurt and Barton, David N. and Chan, Kai M. A. and de Groot, Rudolf
   and Doyle, Ulrike and Eser, Uta and Goerg, Christoph and
   Gomez-Baggethun, Erik and Griewald, Yuliana and Haber, Wolfgang and
   Haines-Young, Roy and Heink, Ulrich and Jahn, Thomas and Joosten, Hans
   and Kerschbaumer, Lilin and Korn, Horst and Luck, Gary W. and Matzdorf,
   Bettina and Muraca, Barbara and Nesshoever, Carsten and Norton, Bryan
   and Ott, Konrad and Potschin, Marion and Rauschmayer, Felix and von
   Haaren, Christina and Wichmann, Sabine},
Title = {Ecosystem services and ethics},
Journal = {ECOLOGICAL ECONOMICS},
Year = {2013},
Volume = {93},
Pages = {260-268},
Month = {SEP},
DOI = {10.1016/j.ecolecon.2013.06.008},
ISSN = {0921-8009},
EISSN = {1873-6106},
ResearcherID-Numbers = {Rauschmayer, Felix/B-7447-2012
   de Groot, Rudolf S/C-8666-2014
   Görg, Christoph/K-2935-2017
   Muraca, Barbara/G-5043-2017
   Muraca, Barbara/P-1264-2016
   Chan, Kai/C-1682-2009
   },
ORCID-Numbers = {Rauschmayer, Felix/0000-0003-4549-1272
   Görg, Christoph/0000-0001-7031-1056
   Muraca, Barbara/0000-0001-5718-7329
   Muraca, Barbara/0000-0001-5718-7329
   Luck, Gary/0000-0002-7266-5568
   Jahn, Thomas/0000-0002-5792-9721
   Wichmann, Sabine/0009-0006-8234-6612
   Ott, Konrad/0000-0002-2377-5963
   Chan, Kai/0000-0002-7804-3276
   Potschin, Marion/0000-0002-6392-736X
   Jax, Kurt/0000-0002-1052-0195
   Matzdorf, Bettina/0000-0002-6244-6724},
Unique-ID = {WOS:000323867500025},
}

@article{ WOS:000312974200016,
Author = {Wang, Shuai and Fu, Bojie},
Title = {Trade-offs between forest ecosystem services},
Journal = {FOREST POLICY AND ECONOMICS},
Year = {2013},
Volume = {26},
Pages = {145-146},
Month = {JAN},
DOI = {10.1016/j.forpol.2012.07.014},
ISSN = {1389-9341},
EISSN = {1872-7050},
ResearcherID-Numbers = {Wang, Shuai/B-2334-2017
   Fu, Bojie/B-1493-2009
   Wang, Shuai/HZJ-7466-2023},
ORCID-Numbers = {Wang, Shuai/0000-0003-1595-9858
   },
Unique-ID = {WOS:000312974200016},
}

@article{ WOS:000318323500006,
Author = {Logsdon, Rebecca A. and Chaubey, Indrajeet},
Title = {A quantitative approach to evaluating ecosystem services},
Journal = {ECOLOGICAL MODELLING},
Year = {2013},
Volume = {257},
Pages = {57-65},
Month = {MAY 24},
DOI = {10.1016/j.ecolmodel.2013.02.009},
ISSN = {0304-3800},
EISSN = {1872-7026},
ResearcherID-Numbers = {Muenich, Rebecca/A-5490-2015
   Muenich, Rebecca Logsdon/V-7226-2018
   },
ORCID-Numbers = {Muenich, Rebecca/0000-0001-9920-9346
   Muenich, Rebecca Logsdon/0000-0001-9920-9346
   Chaubey, Indrajeet/0000-0001-8217-1089},
Unique-ID = {WOS:000318323500006},
}

@article{ WOS:000352679700004,
Author = {Mitchell, Matthew G. E. and Suarez-Castro, Andres F. and Martinez-Harms,
   Maria and Maron, Martine and McAlpine, Clive and Gaston, Kevin J. and
   Johansen, Kasper and Rhodes, Jonathan R.},
Title = {Reframing landscape fragmentation's effects on ecosystem services},
Journal = {TRENDS IN ECOLOGY \& EVOLUTION},
Year = {2015},
Volume = {30},
Number = {4},
Pages = {190-198},
Month = {APR},
DOI = {10.1016/j.tree.2015.01.011},
ISSN = {0169-5347},
EISSN = {1872-8383},
ResearcherID-Numbers = {martinez, maria jose/L-9899-2019
   Mitchell, Matthew G. E./C-2340-2012
   Maron, Martine/D-9699-2011
   McAlpine, Clive A/A-3907-2010
   Suarez Castro, Andres Felipe/GYU-6797-2022
   Rhodes, Jonathan/C-4841-2008
   },
ORCID-Numbers = {martinez, maria jose/0000-0003-2655-3116
   Mitchell, Matthew G. E./0000-0002-3490-9314
   Maron, Martine/0000-0002-5563-5789
   Suarez Castro, Andres Felipe/0000-0002-6621-3821
   McAlpine, Clive/0000-0003-0457-8144
   Rhodes, Jonathan/0000-0001-6746-7412
   Gaston, Kevin J./0000-0002-7235-7928
   Johansen, Kasper/0000-0003-1889-9336},
Unique-ID = {WOS:000352679700004},
}

@article{ WOS:000254985300010,
Author = {Zheng, Bofu and Duan, Jing and Jia, Junsong and Liu, Feng and Yan, Yan},
Title = {Assessment of ecosystem services of Lugu Lake watershed},
Journal = {INTERNATIONAL JOURNAL OF SUSTAINABLE DEVELOPMENT AND WORLD ECOLOGY},
Year = {2008},
Volume = {15},
Number = {1},
Pages = {62-70},
Month = {FEB},
DOI = {10.1080/13504500809469770},
ISSN = {1350-4509},
EISSN = {1745-2627},
ResearcherID-Numbers = {贾, 俊松/C-6994-2014
   郑, 博福/JAX-5796-2023},
ORCID-Numbers = {贾, 俊松/0000-0002-7106-5448
   },
Unique-ID = {WOS:000254985300010},
}

@article{ WOS:000320494300016,
Author = {Geijzendorffer, Ilse R. and Roche, Philip K.},
Title = {Can biodiversity monitoring schemes provide indicators for ecosystem
   services?},
Journal = {ECOLOGICAL INDICATORS},
Year = {2013},
Volume = {33},
Number = {SI},
Pages = {148-157},
Month = {OCT},
DOI = {10.1016/j.ecolind.2013.03.010},
ISSN = {1470-160X},
EISSN = {1872-7034},
ResearcherID-Numbers = {Roche, Philip/JPA-2279-2023
   BITOUN, RACHEL Elisabeth/AAC-9538-2021
   },
ORCID-Numbers = {Roche, Philip/0000-0003-4443-7434
   BITOUN, RACHEL Elisabeth/0000-0002-3614-9910
   Geijzendorffer, Ilse R./0000-0002-8471-7695},
Unique-ID = {WOS:000320494300016},
}

@article{ WOS:000353007200026,
Author = {Martinez-Harms, Maria Jose and Bryan, Brett A. and Balvanera, Patricia
   and Law, Elizabeth A. and Rhodes, Jonathan R. and Possingham, Hugh P.
   and Wilson, Kerrie A.},
Title = {Making decisions for managing ecosystem services},
Journal = {BIOLOGICAL CONSERVATION},
Year = {2015},
Volume = {184},
Pages = {229-238},
Month = {APR},
DOI = {10.1016/j.biocon.2015.01.024},
ISSN = {0006-3207},
EISSN = {1873-2917},
ResearcherID-Numbers = {Possingham, Hugh/B-1337-2008
   Bryan, Brett Anthony/F-8949-2010
   POSSINGHAM, HUGH/R-8310-2019
   Rhodes, Jonathan R/C-4841-2008
   martinez, maria jose/L-9899-2019
   Law, Elizabeth/C-8981-2015
   Wilson, Kerrie/W-4181-2019
   Wilson, Kerrie A/C-8058-2009
   },
ORCID-Numbers = {Possingham, Hugh/0000-0001-7755-996X
   Bryan, Brett Anthony/0000-0003-4834-5641
   POSSINGHAM, HUGH/0000-0001-7755-996X
   Rhodes, Jonathan R/0000-0001-6746-7412
   martinez, maria jose/0000-0003-2655-3116
   Law, Elizabeth/0000-0003-4456-1259
   Wilson, Kerrie/0000-0002-0092-935X
   Wilson, Kerrie A/0000-0002-0092-935X
   Balvanera, Patricia/0000-0001-6408-6876},
Unique-ID = {WOS:000353007200026},
}

@article{ WOS:000742132300004,
Author = {Pilogallo, Angela and Scorza, Francesco},
Title = {Mapping Regulation Ecosystem Services Specialization in Italy},
Journal = {JOURNAL OF URBAN PLANNING AND DEVELOPMENT},
Year = {2022},
Volume = {148},
Number = {1},
Month = {MAR 1},
DOI = {10.1061/(ASCE)UP.1943-5444.0000801},
Article-Number = {04021072},
ISSN = {0733-9488},
EISSN = {1943-5444},
ORCID-Numbers = {Pilogallo, Angela/0000-0002-6669-7467},
Unique-ID = {WOS:000742132300004},
}

@article{ WOS:000402381500010,
Author = {Asadolahi, Zahra and Salmanmahiny, Abdolrassoul and Sakieh, Yousef},
Title = {Hyrcanian forests conservation based on ecosystem services approach},
Journal = {ENVIRONMENTAL EARTH SCIENCES},
Year = {2017},
Volume = {76},
Number = {10},
Month = {MAY},
DOI = {10.1007/s12665-017-6702-x},
Article-Number = {365},
ISSN = {1866-6280},
EISSN = {1866-6299},
ResearcherID-Numbers = {Salmanmahiny, Abdolrassoul/AAB-7327-2019
   Asadolahi, Zahra/HLP-5589-2023
   asadolahi, zahra/AAQ-7499-2021},
ORCID-Numbers = {Asadolahi, Zahra/0000-0001-7590-9575
   },
Unique-ID = {WOS:000402381500010},
}

@article{ WOS:000274603700001,
Author = {Sandhu, Harpinder S. and Wratten, Stephen D. and Cullen, Ross},
Title = {Organic agriculture and ecosystem services},
Journal = {ENVIRONMENTAL SCIENCE \& POLICY},
Year = {2010},
Volume = {13},
Number = {1},
Pages = {1-7},
Month = {FEB},
DOI = {10.1016/j.envsci.2009.11.002},
ISSN = {1462-9011},
EISSN = {1873-6416},
ResearcherID-Numbers = {Sandhu, Harpinder S/E-9338-2010
   Wratten, Steve D/J-3467-2013
   Cullen, Ross/K-6370-2019},
ORCID-Numbers = {Sandhu, Harpinder S/0000-0001-5428-094X
   Wratten, Steve D/0000-0002-5168-8277
   },
Unique-ID = {WOS:000274603700001},
}

@article{ WOS:000774663200001,
Author = {Meunier, Jean-Dominique and Cornu, Sophie and Keller, Catherine and
   Barboni, Doris},
Title = {The role of silicon in the supply of terrestrial ecosystem services},
Journal = {ENVIRONMENTAL CHEMISTRY LETTERS},
Year = {2022},
Volume = {20},
Number = {3},
Pages = {2109-2121},
Month = {JUN},
DOI = {10.1007/s10311-021-01376-8},
EarlyAccessDate = {MAR 2022},
ISSN = {1610-3653},
EISSN = {1610-3661},
ResearcherID-Numbers = {Barboni, Doris/A-6908-2010},
ORCID-Numbers = {Barboni, Doris/0000-0001-7753-1254},
Unique-ID = {WOS:000774663200001},
}

@article{ WOS:000239121300013,
Author = {Carpenter, Stephen R. and Bennett, Elena M. and Peterson, Garry D.},
Title = {Scenarios for ecosystem services: An overview},
Journal = {ECOLOGY AND SOCIETY},
Year = {2006},
Volume = {11},
Number = {1},
Month = {JUN},
Article-Number = {29},
ISSN = {1708-3087},
ResearcherID-Numbers = {Bennett, Elena/A-9553-2008
   Carpenter, Stephen R/AAQ-6404-2020
   Peterson, Garry D/C-1309-2008
   },
ORCID-Numbers = {Carpenter, Stephen R/0000-0001-8097-8700
   Peterson, Garry D/0000-0003-0173-0112
   Bennett, Elena/0000-0003-3944-2925},
Unique-ID = {WOS:000239121300013},
}

@article{ WOS:000252264600005,
Author = {Barrios, Edmundo},
Title = {Soil biota, ecosystem services and land productivity},
Journal = {ECOLOGICAL ECONOMICS},
Year = {2007},
Volume = {64},
Number = {2},
Pages = {269-285},
Month = {DEC 15},
DOI = {10.1016/j.ecolecon.2007.03.004},
ISSN = {0921-8009},
EISSN = {1873-6106},
Unique-ID = {WOS:000252264600005},
}

@article{ WOS:000911284200012,
Author = {Ureta, J. Carl and Motallebi, Marzieh and Vassalos, Michael and Seagle,
   Steven and Baldwin, Robert},
Title = {Estimating residents' WTP for ecosystem services improvement in a
   payments for ecosystem services (PES) program: A choice experiment
   approach},
Journal = {ECOLOGICAL ECONOMICS},
Year = {2022},
Volume = {201},
Month = {NOV},
DOI = {10.1016/j.ecolecon.2022.107561},
Article-Number = {107561},
ISSN = {0921-8009},
EISSN = {1873-6106},
Unique-ID = {WOS:000911284200012},
}

@article{ WOS:000385720400013,
Author = {von Maltitz, Graham P. and Gasparatos, Alexandros and Fabricius, Christo
   and Morris, Abbie and Willis, Kathy J.},
Title = {<i>Jatropha</i> cultivation in Malawi and Mozambique: impact on
   ecosystem services, local human well-being, and poverty alleviation},
Journal = {ECOLOGY AND SOCIETY},
Year = {2016},
Volume = {21},
Number = {3},
DOI = {10.5751/ES-08554-210303},
Article-Number = {3},
ISSN = {1708-3087},
ResearcherID-Numbers = {Gasparatos, Alexandros/AAT-4403-2020
   },
ORCID-Numbers = {Fabricius, Christo/0000-0003-2223-5671
   Willis, Katherine/0000-0002-6763-2489
   von Maltitz, Graham Paul/0000-0002-9272-1272
   Gasparatos, Alexandros/0000-0001-9323-1366},
Unique-ID = {WOS:000385720400013},
}

@article{ WOS:000456977800006,
Author = {Kabaya, Kei and Hashimoto, Shizuka and Fukuyo, Narufumi and Uetake,
   Tomoko and Takeuchi, Kazuhiko},
Title = {Investigating future ecosystem services through participatory scenario
   building and spatial ecological-economic modelling},
Journal = {SUSTAINABILITY SCIENCE},
Year = {2019},
Volume = {14},
Number = {1},
Pages = {77-88},
Month = {JAN},
DOI = {10.1007/s11625-018-0590-1},
ISSN = {1862-4065},
EISSN = {1862-4057},
ResearcherID-Numbers = {HASHIMOTO, Shizuka/P-5317-2019},
ORCID-Numbers = {HASHIMOTO, Shizuka/0000-0003-4423-9374},
Unique-ID = {WOS:000456977800006},
}

@article{ WOS:000348084000015,
Author = {Huang, Jiao and Tichit, Muriel and Poulot, Monique and Darly, Segolene
   and Li, Shuangcheng and Petit, Caroline and Aubry, Christine},
Title = {Comparative review of multifunctionality and ecosystem services in
   sustainable agriculture},
Journal = {JOURNAL OF ENVIRONMENTAL MANAGEMENT},
Year = {2015},
Volume = {149},
Pages = {138-147},
Month = {FEB 1},
DOI = {10.1016/j.jenvman.2014.10.020},
ISSN = {0301-4797},
EISSN = {1095-8630},
ResearcherID-Numbers = {Huang, Jiao/GQH-6950-2022
   Li, Shuangcheng/HKP-3019-2023
   },
ORCID-Numbers = {Huang, Jiao/0000-0002-1234-499X},
Unique-ID = {WOS:000348084000015},
}

@article{ WOS:000480376500012,
Author = {Aziz, Tariq and Van Cappellen, Philippe},
Title = {Comparative valuation of potential and realized ecosystem services in
   Southern Ontario, Canada},
Journal = {ENVIRONMENTAL SCIENCE \& POLICY},
Year = {2019},
Volume = {100},
Pages = {105-112},
Month = {OCT},
DOI = {10.1016/j.envsci.2019.06.014},
ISSN = {1462-9011},
EISSN = {1873-6416},
ResearcherID-Numbers = {Aziz, Tariq/JYO-9586-2024
   Van Cappellen, Philippe/A-2906-2013},
ORCID-Numbers = {Van Cappellen, Philippe/0000-0001-5476-0820},
Unique-ID = {WOS:000480376500012},
}

@article{ WOS:000430892500004,
Author = {Evers, Cody R. and Wardropper, Chloe B. and Branoff, Ben and Granek,
   Elise F. and Hirsch, Shana L. and Link, Timothy E. and Olivero-Lora,
   Sofia and Wilson, Codie},
Title = {The ecosystem services and biodiversity of novel ecosystems: A
   literature review},
Journal = {GLOBAL ECOLOGY AND CONSERVATION},
Year = {2018},
Volume = {13},
Month = {JAN},
DOI = {10.1016/j.gecco.2017.e00362},
Article-Number = {e00362},
EISSN = {2351-9894},
ResearcherID-Numbers = {Branoff, Benjamin/AAF-8323-2020
   Evers, Cody/U-6303-2019
   },
ORCID-Numbers = {Branoff, Benjamin/0000-0002-8796-2039
   Evers, Cody/0000-0002-8449-7442
   Link, Timothy/0000-0002-2283-444X
   Olivero-Lora, Sofia/0000-0002-3684-7815},
Unique-ID = {WOS:000430892500004},
}

@article{ WOS:000252264600006,
Author = {Dale, Virginia H. and Polasky, Stephen},
Title = {Measures of the effects of agricultural practices on ecosystem services},
Journal = {ECOLOGICAL ECONOMICS},
Year = {2007},
Volume = {64},
Number = {2},
Pages = {286-296},
Month = {DEC 15},
DOI = {10.1016/j.ecolecon.2007.05.009},
ISSN = {0921-8009},
EISSN = {1873-6106},
ResearcherID-Numbers = {Polasky, Stephen/AAC-5341-2019
   Dale, Virginia H/B-6023-2009
   Dale, Virginia H/ABI-6672-2020
   Dale, Virginia H/GSO-3448-2022},
ORCID-Numbers = {Dale, Virginia H/0000-0002-4123-7202
   },
Unique-ID = {WOS:000252264600006},
}

@article{ WOS:000208682900003,
Author = {McNeely, Jeffrey A.},
Title = {A zoological perspective on payments for ecosystem services},
Journal = {INTEGRATIVE ZOOLOGY},
Year = {2007},
Volume = {2},
Number = {2},
Pages = {68-78},
Month = {JUN},
DOI = {10.1111/j.1749-4877.2007.00048.x},
ISSN = {1749-4877},
EISSN = {1749-4869},
Unique-ID = {WOS:000208682900003},
}

@article{ WOS:000775279300001,
Author = {Varyvoda, Yevheniia and Taren, Douglas},
Title = {Considering Ecosystem Services in Food System Resilience},
Journal = {INTERNATIONAL JOURNAL OF ENVIRONMENTAL RESEARCH AND PUBLIC HEALTH},
Year = {2022},
Volume = {19},
Number = {6},
Month = {MAR},
DOI = {10.3390/ijerph19063652},
Article-Number = {3652},
EISSN = {1660-4601},
ORCID-Numbers = {Varyvoda, Yevheniia/0000-0002-5907-2100},
Unique-ID = {WOS:000775279300001},
}

@article{ WOS:000573929900001,
Author = {Thompson, Stella and Vehkaoja, Mia and Pellikka, Jani and Nummi, Petri},
Title = {Ecosystem services provided by beavers <i>Castor</i> spp.},
Journal = {MAMMAL REVIEW},
Year = {2021},
Volume = {51},
Number = {1},
Pages = {25-39},
Month = {JAN},
DOI = {10.1111/mam.12220},
EarlyAccessDate = {OCT 2020},
ISSN = {0305-1838},
EISSN = {1365-2907},
ResearcherID-Numbers = {Thompson, Stella/T-6778-2019
   Nummi, Petri/AAU-9666-2021
   Thompson, Stella/IWD-9604-2023
   Vehkaoja, Mia/E-9623-2018},
ORCID-Numbers = {Thompson, Stella/0000-0002-3979-3170
   Vehkaoja, Mia/0000-0002-3599-6165},
Unique-ID = {WOS:000573929900001},
}

@article{ WOS:000436607900015,
Author = {Gasparatos, Alexandros and Romeu-Dalmau, Carla and von Maltitz, Graham
   P. and Johnson, Francis X. and Shackleton, Charlie and Jarzebski, Marcin
   P. and Jumbe, Charles and Ochieng, Caroline and Mudombi, Shakespear and
   Nyambane, Anne and Willis, Katherine J.},
Title = {Mechanisms and indicators for assessing the impact of biofuel feedstock
   production on ecosystem services},
Journal = {BIOMASS \& BIOENERGY},
Year = {2018},
Volume = {114},
Pages = {157-173},
Month = {JUL},
DOI = {10.1016/j.biombioe.2018.01.024},
ISSN = {0961-9534},
EISSN = {1873-2909},
ResearcherID-Numbers = {Shackleton, Charlie M/F-4177-2014
   Gasparatos, Alexandros/AAT-4403-2020
   Shackleton, Charlie/GLV-1260-2022
   },
ORCID-Numbers = {Shackleton, Charlie/0000-0002-8489-6136
   Willis, Katherine/0000-0002-6763-2489
   Mudombi, Shakespear/0000-0001-9640-5659
   von Maltitz, Graham Paul/0000-0002-9272-1272
   OCHIENG, CAROLINE/0000-0002-0235-3155
   Johnson, Francis/0000-0003-3597-8108
   Gasparatos, Alexandros/0000-0001-9323-1366},
Unique-ID = {WOS:000436607900015},
}

@article{ WOS:000300388700007,
Author = {Chapman, Peter M.},
Title = {Adaptive monitoring based on ecosystem services},
Journal = {SCIENCE OF THE TOTAL ENVIRONMENT},
Year = {2012},
Volume = {415},
Number = {SI},
Pages = {56-60},
Month = {JAN 15},
DOI = {10.1016/j.scitotenv.2011.03.036},
ISSN = {0048-9697},
EISSN = {1879-1026},
Unique-ID = {WOS:000300388700007},
}

@article{ WOS:000701555900001,
Author = {Polednikova, Zuzana and Galia, Tomas},
Title = {Ecosystem Services of Large Wood: Mapping the Research Gap},
Journal = {WATER},
Year = {2021},
Volume = {13},
Number = {18},
Month = {SEP},
DOI = {10.3390/w13182594},
Article-Number = {2594},
EISSN = {2073-4441},
ResearcherID-Numbers = {Galia, Tomáš/C-6673-2013},
ORCID-Numbers = {Galia, Tomáš/0000-0002-0438-2048},
Unique-ID = {WOS:000701555900001},
}

@article{ WOS:000334822200001,
Author = {Gralla, Fabienne and Abson, David J. and Moller, Anders P. and Lang,
   Daniel J. and von Wehrden, Henrik},
Title = {The impact of nuclear accidents on provisioning ecosystem services},
Journal = {ECOLOGICAL INDICATORS},
Year = {2014},
Volume = {41},
Pages = {1-14},
Month = {JUN},
DOI = {10.1016/j.ecolind.2014.01.027},
ISSN = {1470-160X},
EISSN = {1872-7034},
ResearcherID-Numbers = {Lang, Daniel/W-4205-2019
   Abson, David/AAE-9027-2019
   Moller, Anders/O-6665-2016
   },
ORCID-Numbers = {Moller, Anders/0000-0003-3739-4675
   Abson, David/0000-0003-3755-785X
   Lang, Daniel J./0000-0001-5435-1488},
Unique-ID = {WOS:000334822200001},
}

@article{ WOS:000444119900010,
Author = {Arunyawat, Sunsanee and Shrestha, Rajendra P.},
Title = {Simulating future land use and ecosystem services in Northern Thailand},
Journal = {JOURNAL OF LAND USE SCIENCE},
Year = {2018},
Volume = {13},
Number = {1-2},
Pages = {146-165},
DOI = {10.1080/1747423X.2018.1496157},
ISSN = {1747-423X},
EISSN = {1747-4248},
ResearcherID-Numbers = {Shrestha, Rajendra/AAC-1443-2019},
ORCID-Numbers = {Shrestha, Rajendra/0000-0002-1010-1994},
Unique-ID = {WOS:000444119900010},
}

@article{ WOS:000350918600045,
Author = {Barbosa, Caio C. de Araujo and Atkinson, Peter M. and Dearing, John A.},
Title = {Remote sensing of ecosystem services: A systematic review},
Journal = {ECOLOGICAL INDICATORS},
Year = {2015},
Volume = {52},
Pages = {430-443},
Month = {MAY},
DOI = {10.1016/j.ecolind.2015.01.007},
ISSN = {1470-160X},
EISSN = {1872-7034},
ResearcherID-Numbers = {Barbosa, Caio C. A./E-9488-2011
   ATKINSON, PETER/JMC-0348-2023
   Dearing, John/E-4206-2010
   Atkinson, Peter M/L-9508-2013
   },
ORCID-Numbers = {Barbosa, Caio C. A./0000-0002-2336-4275
   Atkinson, Peter/0000-0002-5489-6880
   Dearing, John/0000-0002-1466-9640},
Unique-ID = {WOS:000350918600045},
}

@article{ WOS:000317184800016,
Author = {Kronenberg, Jakub and Hubacek, Klaus},
Title = {Could Payments for Ecosystem Services Create an ``Ecosystem Service
   Curse{''}?},
Journal = {ECOLOGY AND SOCIETY},
Year = {2013},
Volume = {18},
Number = {1},
DOI = {10.5751/ES-05240-180110},
Article-Number = {10},
ISSN = {1708-3087},
ResearcherID-Numbers = {Hubacek, Klaus/K-3500-2019
   Hubacek, Klaus/GVS-6444-2022
   Kronenberg, Jakub/ABD-9941-2021},
ORCID-Numbers = {Hubacek, Klaus/0000-0003-2561-6090
   Kronenberg, Jakub/0000-0003-4903-2401},
Unique-ID = {WOS:000317184800016},
}

@article{ WOS:000455338100082,
Author = {Schwilch, Gudrun and Lemann, Tatenda and Berglund, Orjan and Camarotto,
   Carlo and Cerda, Artemi and Daliakopoulos, Ioannis N. and Kohnova,
   Silvia and Krzeminska, Dominika and Maranon, Teodoro and Rietra, Rene
   and Siebielec, Grzegorz and Thorsson, Johann and Tibbett, Mark and
   Valente, Sandra and van Delden, Hedwig and van den Akker, Jan and
   Verzandvoort, Simone and Vrinceanu, Nicoleta Olimpia and Zoumides,
   Christos and Hessel, Rudi},
Title = {Assessing Impacts of Soil Management Measures on Ecosystem Services},
Journal = {SUSTAINABILITY},
Year = {2018},
Volume = {10},
Number = {12},
Month = {DEC},
DOI = {10.3390/su10124416},
Article-Number = {4416},
EISSN = {2071-1050},
ResearcherID-Numbers = {Kohnova, Silvia/GLT-0065-2022
   Rietra, Rene/AGD-5333-2022
   Vrinceanu, Nicoleta Olimpia/M-8444-2016
   Cerda, Artemi/I-4670-2013
   vrinceanu, narcisa/P-4706-2014
   Tibbett, Mark/P-2079-2019
   Kohnova, Silvia/AAC-4930-2019
   Valente, Sandra/A-7873-2012
   Daliakopoulos, Ioannis/Q-2787-2016
   Berglund, Örjan/Q-2077-2016
   Siebielec, Grzegorz/ABF-2656-2020
   Maranon, Teodoro/K-6648-2014
   Zoumides, Christos/M-9586-2018
   },
ORCID-Numbers = {Vrinceanu, Nicoleta Olimpia/0000-0001-9631-962X
   Cerda, Artemi/0000-0001-5326-4489
   vrinceanu, narcisa/0000-0002-7505-9731
   Tibbett, Mark/0000-0003-0143-2190
   Valente, Sandra/0000-0002-4632-9982
   Daliakopoulos, Ioannis/0000-0001-9333-4963
   Berglund, Örjan/0000-0002-6538-6843
   Siebielec, Grzegorz/0000-0001-8089-6123
   Lemann, Tatenda/0000-0001-5507-1285
   Rietra, Rene/0000-0003-1563-3815
   Maranon, Teodoro/0000-0002-7751-9316
   Zoumides, Christos/0000-0003-0998-3878
   Krzeminska, Dominika/0000-0002-4647-4928
   Kohnova, Silvia/0000-0002-5963-3748
   Camarotto, Carlo/0000-0002-1250-5642
   Hessel, Rudi/0000-0002-1859-309X
   Schwilch, Gudrun/0000-0001-9430-7836},
Unique-ID = {WOS:000455338100082},
}

@article{ WOS:000323734700002,
Author = {Satz, Debra and Gould, Rachelle K. and Chan, Kai M. A. and Guerry, Anne
   and Norton, Bryan and Satterfield, Terre and Halpern, Benjamin S. and
   Levine, Jordan and Woodside, Ulalia and Hannahs, Neil and Basurto,
   Xavier and Klain, Sarah},
Title = {The Challenges of Incorporating Cultural Ecosystem Services into
   Environmental Assessment},
Journal = {AMBIO},
Year = {2013},
Volume = {42},
Number = {6},
Pages = {675-684},
Month = {OCT},
DOI = {10.1007/s13280-013-0386-6},
ISSN = {0044-7447},
EISSN = {1654-7209},
ResearcherID-Numbers = {Chan, Kai/C-1682-2009},
ORCID-Numbers = {Basurto, Xavier/0000-0002-5321-3654
   Chan, Kai/0000-0002-7804-3276},
Unique-ID = {WOS:000323734700002},
}

@article{ WOS:000295940200020,
Author = {Russell, Marc and Rogers, John and Jordan, Stephen and Dantin, Darrin
   and Harvey, James and Nestlerode, Janet and Alvarez, Federico},
Title = {Prioritization of Ecosystem Services Research: Tampa Bay Demonstration
   Project},
Journal = {JOURNAL OF COASTAL CONSERVATION},
Year = {2011},
Volume = {15},
Number = {4},
Pages = {647-658},
Month = {NOV},
DOI = {10.1007/s11852-011-0158-z},
ISSN = {1400-0350},
EISSN = {1874-7841},
ORCID-Numbers = {Dantin, Darrin/0000-0002-3374-6429},
Unique-ID = {WOS:000295940200020},
}

@article{ WOS:000417548600049,
Author = {Mexia, Teresa and Vieira, Joana and Principe, Adriana and Anjos, Andreia
   and Silva, Patricia and Lopes, Nuno and Freitas, Catarina and
   Santos-Reis, Margarida and Correia, Otilia and Branquinho, Cristina and
   Pinho, Pedro},
Title = {Ecosystem services: Urban parks under a magnifying glass},
Journal = {ENVIRONMENTAL RESEARCH},
Year = {2018},
Volume = {160},
Pages = {469-478},
Month = {JAN},
DOI = {10.1016/j.envres.2017.10.023},
ISSN = {0013-9351},
EISSN = {1096-0953},
ResearcherID-Numbers = {Correia, Otilia/K-1928-2012
   Branquinho, Cristina/B-3670-2008
   Santos-Reis, Margarida/H-4064-2011
   Pinho, Pedro/D-1232-2010
   },
ORCID-Numbers = {Correia, Otilia/0000-0002-1053-0561
   Branquinho, Cristina/0000-0001-8294-7924
   Pinho, Pedro/0000-0001-5571-9619
   Anjos, Andreia/0000-0003-3987-6862
   Principe, Adriana/0000-0002-5147-835X
   Santos-Reis, Margarida/0000-0002-0337-963X},
Unique-ID = {WOS:000417548600049},
}

@article{ WOS:000467327300017,
Author = {Chaigneau, Tomas and Coulthard, Sarah and Brown, Katrina and Daw, Tim M.
   and Schulte-Herbruggen, Bjorn},
Title = {Incorporating basic needs to reconcile poverty and ecosystem services},
Journal = {CONSERVATION BIOLOGY},
Year = {2019},
Volume = {33},
Number = {3},
Pages = {655-664},
Month = {JUN},
DOI = {10.1111/cobi.13209},
ISSN = {0888-8892},
EISSN = {1523-1739},
ResearcherID-Numbers = {Chaigneau, Tomas/AAM-2491-2020
   },
ORCID-Numbers = {Chaigneau, Tomas/0000-0002-0874-216X
   Daw, Tim M./0000-0001-6635-9153
   Brown, Katrina/0000-0002-5426-5288},
Unique-ID = {WOS:000467327300017},
}

@article{ WOS:000612946600006,
Author = {Zari, Maibritt Pedersen},
Title = {Ecosystem services impacts as part of building materials selection
   criteria},
Journal = {MATERIALS TODAY SUSTAINABILITY},
Year = {2019},
Volume = {3-4},
Month = {MAR},
DOI = {10.1016/j.mtsust.2019.100010},
Article-Number = {100010},
ISSN = {2589-2347},
ORCID-Numbers = {Pedersen Zari, Maibritt/0000-0003-4664-7558},
Unique-ID = {WOS:000612946600006},
}

@article{ WOS:000248883200010,
Author = {Egoh, Benis and Rouget, Mathieu and Reyers, Belinda and Knight, Andrew
   T. and Cowling, Richard M. and van Jaarsveld, Albert S. and Welz, Adam},
Title = {Integrating ecosystem services into conservation assessments: A review},
Journal = {ECOLOGICAL ECONOMICS},
Year = {2007},
Volume = {63},
Number = {4},
Pages = {714-721},
Month = {SEP 15},
Note = {Forum on Sustainability Well Being and Environmental Protection,
   Washington, DC, DEC 02, 2005},
Organization = {US EPA, Office Res Develop},
DOI = {10.1016/j.ecolecon.2007.04.007},
ISSN = {0921-8009},
EISSN = {1873-6106},
ResearcherID-Numbers = {Cowling, Richard/AFU-6261-2022
   Rouget, Mathieu/B-7249-2008
   Knight, Andrew Thomas/C-8394-2009
   van Jaarsveld, Albert S/H-5368-2013
   Reyers, Belinda/AAF-6225-2019
   },
ORCID-Numbers = {Rouget, Mathieu/0000-0003-1836-7727
   Knight, Andrew Thomas/0000-0002-6563-0500
   Reyers, Belinda/0000-0002-2194-8656
   Rouget, Mathieu/0000-0002-6172-3152
   Egoh, Benis/0000-0002-9126-7784},
Unique-ID = {WOS:000248883200010},
}

@article{ WOS:000995497200001,
Author = {Makovnikova, Jarmila and Kolosta, Stanislav and Flaska, Filip and Palka,
   Boris},
Title = {Factors Influencing the Spatial Distribution of Regulating
   Agro-Ecosystem Services in Agriculture Soils: A Case Study of Slovakia},
Journal = {AGRICULTURE-BASEL},
Year = {2023},
Volume = {13},
Number = {5},
Month = {APR 27},
DOI = {10.3390/agriculture13050970},
Article-Number = {970},
EISSN = {2077-0472},
ORCID-Numbers = {Makovnikova, Jarmila/0000-0002-3328-405X},
Unique-ID = {WOS:000995497200001},
}

@article{ WOS:000399647000002,
Author = {Stout, Daniel Trevor and Walsh, Thomas C. and Burian, Steven J.},
Title = {Ecosystem services from rainwater harvesting in India},
Journal = {URBAN WATER JOURNAL},
Year = {2017},
Volume = {14},
Number = {6},
Pages = {561-573},
DOI = {10.1080/1573062X.2015.1049280},
ISSN = {1573-062X},
EISSN = {1744-9006},
Unique-ID = {WOS:000399647000002},
}

@article{ WOS:001148972300001,
Author = {Garcia-Izquierdo, Isabel and Colino-Rabanal, Victor J. and Tamame,
   Mercedes and Rodriguez-Lopez, Fernando},
Title = {Microbiota Ecosystem Services in Vineyards and Wine: A Review},
Journal = {AGRONOMY-BASEL},
Year = {2024},
Volume = {14},
Number = {1},
Month = {JAN},
DOI = {10.3390/agronomy14010131},
Article-Number = {131},
EISSN = {2073-4395},
Unique-ID = {WOS:001148972300001},
}

@article{ WOS:000327686500037,
Author = {McDermott, Melanie and Mahanty, Sango and Schreckenberg, Kate},
Title = {Examining equity: A multidimensional framework for assessing equity in
   payments for ecosystem services},
Journal = {ENVIRONMENTAL SCIENCE \& POLICY},
Year = {2013},
Volume = {33},
Number = {SI},
Pages = {416-427},
Month = {NOV},
DOI = {10.1016/j.envsci.2012.10.006},
ISSN = {1462-9011},
EISSN = {1873-6416},
ResearcherID-Numbers = {Schreckenberg, Kathrin/K-4967-2012
   },
ORCID-Numbers = {Schreckenberg, Kathrin/0000-0002-3666-3792
   Mahanty, Sango/0000-0003-0382-5879},
Unique-ID = {WOS:000327686500037},
}
﻿
@article{ WOS:000462358400004,
Author = {Ainscough, Jacob and Lentsch, Aster de Vries and Metzger, Marc and
   Rounsevell, Mark and Schroeter, Matthias and Delbaere, Ben and de Groot,
   Rudolf and Staes, Jan},
Title = {Navigating pluralism: Understanding perceptions of the ecosystem
   services concept},
Journal = {ECOSYSTEM SERVICES},
Year = {2019},
Volume = {36},
Month = {APR},
DOI = {10.1016/j.ecoser.2019.01.004},
Article-Number = {100892},
ISSN = {2212-0416},
ResearcherID-Numbers = {de Groot, Rudolf S/C-8666-2014
   Schröter, Matthias/B-8883-2017
   Metzger, Marc/B-2510-2010
   Metzger, Marc/S-3976-2019
   Rounsevell, Mark D A/AAC-4498-2021
   },
ORCID-Numbers = {Schröter, Matthias/0000-0003-0207-7311
   Metzger, Marc/0000-0002-5119-5894
   Metzger, Marc/0000-0002-5119-5894
   Rounsevell, Mark D A/0000-0001-7476-9398
   Staes, Jan/0000-0001-8023-5421
   Delbaere, Ben/0000-0002-2551-8266
   Ainscough, Jacob/0000-0003-3806-1776},
Unique-ID = {WOS:000462358400004},
}

@article{ WOS:000418879800010,
Author = {McDonough, Kelsey and Hutchinson, Stacy and Moore, Trisha and
   Hutchinson, J. M. Shawn},
Title = {Analysis of publication trends in ecosystem services research},
Journal = {ECOSYSTEM SERVICES},
Year = {2017},
Volume = {25},
Pages = {82-88},
Month = {JUN},
DOI = {10.1016/j.ecoser.2017.03.022},
ISSN = {2212-0416},
ORCID-Numbers = {Hutchinson, J.M. Shawn/0000-0002-7667-8446
   Hutchinson, Stacy/0000-0002-3703-1084},
Unique-ID = {WOS:000418879800010},
}

@article{ WOS:000209520400004,
Author = {Mueller, Felix and Burkhard, Benjamin},
Title = {The indicator side of ecosystem services},
Journal = {ECOSYSTEM SERVICES},
Year = {2012},
Volume = {1},
Number = {1},
Pages = {26-30},
Month = {JUL},
DOI = {10.1016/j.ecoser.2012.06.001},
ISSN = {2212-0416},
ResearcherID-Numbers = {Burkhard, Benjamin/ABF-1090-2021},
ORCID-Numbers = {Burkhard, Benjamin/0000-0001-8636-9009},
Unique-ID = {WOS:000209520400004},
}

@article{ WOS:000390690500004,
Author = {Fish, Robert and Church, Andrew and Winter, Michael},
Title = {Conceptualising cultural ecosystem services: A novel framework for
   research and critical engagement},
Journal = {ECOSYSTEM SERVICES},
Year = {2016},
Volume = {21},
Number = {B},
Pages = {208-217},
Month = {OCT},
DOI = {10.1016/j.ecoser.2016.09.002},
ISSN = {2212-0416},
ORCID-Numbers = {Church, Andrew/0000-0003-4863-8794},
Unique-ID = {WOS:000390690500004},
}

@article{ WOS:000582464800004,
Author = {Finisdore, John and Rhodes, Charles and Haines-Young, Roy and Maynard,
   Simone and Wielgus, Jeffrey and Dvarskas, Anthony and Houdet, Joel and
   Quetier, Fabien and Lamothe, Karl A. and Ding, Helen and Soulard,
   Francois and Van Houtven, George and Rowcroft, Petrina},
Title = {The 18 benefits of using ecosystem services classification systems},
Journal = {ECOSYSTEM SERVICES},
Year = {2020},
Volume = {45},
Month = {OCT},
DOI = {10.1016/j.ecoser.2020.101160},
Article-Number = {101160},
ISSN = {2212-0416},
ResearcherID-Numbers = {Lamothe, Karl Andrew/J-5386-2019
   Quetier, Fabien/K-6872-2015
   },
ORCID-Numbers = {Lamothe, Karl Andrew/0000-0001-9875-8204
   Quetier, Fabien/0000-0002-3767-0353
   Van Houtven, George/0000-0001-6141-7318},
Unique-ID = {WOS:000582464800004},
}

@article{ WOS:000363666400007,
Author = {Schroeter, Matthias and Remme, Roy P. and Sumarga, Elham and Barton,
   David N. and Hein, Lars},
Title = {Lessons learned for spatial modelling of ecosystem services in support
   of ecosystem accounting},
Journal = {ECOSYSTEM SERVICES},
Year = {2015},
Volume = {13},
Pages = {64-69},
Month = {JUN},
DOI = {10.1016/j.ecoser.2014.07.003},
ISSN = {2212-0416},
ResearcherID-Numbers = {Remme, Roy/O-3357-2019
   Schröter, Matthias/B-8883-2017
   },
ORCID-Numbers = {Remme, Roy/0000-0002-0799-2319
   Schröter, Matthias/0000-0003-0207-7311
   Sumarga, Elham/0000-0002-8581-8535},
Unique-ID = {WOS:000363666400007},
}

@article{ WOS:000363660700005,
Author = {Fisher, Janet A. and Patenaude, Genevieve and Giri, Kalpana and Lewis,
   Kristina and Meir, Patrick and Pinho, Patricia and Rounsevell, Mark D.
   A. and Williams, Mathew},
Title = {Understanding the relationships between ecosystem services and poverty
   alleviation: A conceptual framework},
Journal = {ECOSYSTEM SERVICES},
Year = {2014},
Volume = {7},
Pages = {34-45},
Month = {MAR},
DOI = {10.1016/j.ecoser.2013.08.002},
ISSN = {2212-0416},
ResearcherID-Numbers = {Williams, Mathew/G-6140-2016
   Patenaude, Genevieve/F-3115-2010
   Rounsevell, Mark D A/AAC-4498-2021
   Meir, Patrick/J-8344-2012},
ORCID-Numbers = {Williams, Mathew/0000-0001-6117-5208
   Patenaude, Genevieve/0000-0001-7552-7470
   Rounsevell, Mark D A/0000-0001-7476-9398
   },
Unique-ID = {WOS:000363660700005},
}

@article{ WOS:000432655100005,
Author = {Mancini, Maria Serena and Galli, Alessandro and Coscieme, Luca and
   Niccolucci, Valentina and Lin, David and Pulselli, Federico Maria and
   Bastianoni, Simone and Marchettini, Nadia},
Title = {Exploring ecosystem services assessment through Ecological Footprint
   accounting},
Journal = {ECOSYSTEM SERVICES},
Year = {2018},
Volume = {30},
Number = {B, SI},
Pages = {228-235},
Month = {APR},
DOI = {10.1016/j.ecoser.2018.01.010},
ISSN = {2212-0416},
ResearcherID-Numbers = {Bastianoni, Simone/K-6721-2015
   Marchettini, Nadia/N-2281-2015
   Coscieme, Luca/H-1852-2012
   Galli, Alessandro/AAV-5906-2020
   Niccolucci, Valentina/L-5510-2015},
ORCID-Numbers = {Bastianoni, Simone/0000-0002-6470-7377
   Marchettini, Nadia/0000-0002-2631-9306
   Coscieme, Luca/0000-0003-4427-3628
   Galli, Alessandro/0000-0001-9503-4104
   PULSELLI, FEDERICO MARIA/0000-0002-0482-5822
   Niccolucci, Valentina/0000-0002-4484-9263},
Unique-ID = {WOS:000432655100005},
}

@article{ WOS:000370641300018,
Author = {Eastwood, A. and Brooker, R. and Irvine, R. J. and Artz, R. R. E. and
   Norton, L. R. and Bullock, J. M. and Ross, L. and Fielding, D. and
   Ramsay, S. and Roberts, J. and Anderson, W. and Dugan, D. and Cooksley,
   S. and Pakeman, R. J.},
Title = {Does nature conservation enhance ecosystem services delivery?},
Journal = {ECOSYSTEM SERVICES},
Year = {2016},
Volume = {17},
Pages = {152-162},
Month = {FEB},
DOI = {10.1016/j.ecoser.2015.12.001},
ISSN = {2212-0416},
ResearcherID-Numbers = {Irvine, Robert J/G-5074-2012
   Ramsay, Scot/HMD-8793-2023
   Norton, Lisa/I-8778-2012
   Bullock, James M/F-9997-2011
   Artz, Rebekka/G-6384-2013
   },
ORCID-Numbers = {Irvine, Robert J/0000-0002-0411-6217
   Artz, Rebekka/0000-0002-8462-6558
   Ramsay, Scot/0000-0002-6644-8532},
Unique-ID = {WOS:000370641300018},
}

@article{ WOS:000522223700006,
Author = {Watson, Keri B. and Galford, Gillian L. and Sonter, Laura J. and
   Ricketts, Taylor H.},
Title = {Conserving ecosystem services and biodiversity: Measuring the tradeoffs
   involved in splitting conservation budgets},
Journal = {ECOSYSTEM SERVICES},
Year = {2020},
Volume = {42},
Month = {APR},
DOI = {10.1016/j.ecoser.2020.101063},
Article-Number = {101063},
ISSN = {2212-0416},
ResearcherID-Numbers = {Sonter, Laura/I-6756-2013
   Ricketts, Taylor H./JTV-4445-2023
   Galford, Gillian/K-6240-2012
   Galford, Gillian/AAH-3190-2021},
ORCID-Numbers = {Sonter, Laura/0000-0002-6590-3986
   Galford, Gillian/0000-0003-2192-7385},
Unique-ID = {WOS:000522223700006},
}

@article{ WOS:000428532300004,
Author = {Carmen, Esther and Watt, Allan and Carvalho, Laurence and Dick, Jan and
   Fazey, Ioan and Garcia-Blanco, Gemma and Grizzetti, Bruna and Hauck,
   Jennifer and Izakovicova, Zita and Kopperoinen, Leena and Liquete,
   Camino and Odee, David and Steingrover, Eveliene and Young, Juliette},
Title = {Knowledge needs for the operationalisation of the concept of ecosystem
   services},
Journal = {ECOSYSTEM SERVICES},
Year = {2018},
Volume = {29},
Number = {C},
Pages = {441-451},
Month = {FEB},
DOI = {10.1016/j.ecoser.2017.10.012},
ISSN = {2212-0416},
ResearcherID-Numbers = {Fazey, Ioan/ABB-3403-2021
   Young, Juliette/K-2506-2019
   Watt, Allan D./A-4301-2010
   Carvalho, Laurence/D-3276-2009
   Izakovičová, Zita/AAI-4466-2021
   Hauck, Jennifer/P-4115-2017
   Kopperoinen, Leena/AAF-9040-2020
   Young, Juliette/B-4225-2012
   },
ORCID-Numbers = {Young, Juliette/0000-0002-8522-0883
   Watt, Allan D./0000-0002-9534-728X
   Carvalho, Laurence/0000-0002-9768-9902
   Izakovičová, Zita/0000-0002-2977-403X
   Hauck, Jennifer/0000-0002-1614-9657
   Kopperoinen, Leena/0000-0003-1672-6087
   Young, Juliette/0000-0002-8522-0883
   Grizzetti, Bruna/0000-0001-5570-8581
   Garcia Blanco, Gemma/0000-0002-7835-4373
   Carmen, Esther/0000-0002-6553-3786},
Unique-ID = {WOS:000428532300004},
}

@article{ WOS:000209520800002,
Author = {Pan, Ying and Xu, Zengrang and Wu, Junxi},
Title = {Spatial differences of the supply of multiple ecosystem services and the
   environmental and land use factors affecting them},
Journal = {ECOSYSTEM SERVICES},
Year = {2013},
Volume = {5},
Pages = {E4-E10},
Month = {SEP},
DOI = {10.1016/j.ecoser.2013.06.002},
ISSN = {2212-0416},
ResearcherID-Numbers = {Pan, Ying/JPL-4965-2023},
ORCID-Numbers = {Pan, Ying/0000-0002-7417-3890},
Unique-ID = {WOS:000209520800002},
}

@article{ WOS:000663761500002,
Author = {Torres, Angelica Valencia and Tiwari, Chetan and Atkinson, Samuel F.},
Title = {Progress in ecosystem services research: A guide for scholars and
   practitioners},
Journal = {ECOSYSTEM SERVICES},
Year = {2021},
Volume = {49},
Month = {JUN},
DOI = {10.1016/j.ecoser.2021.101267},
EarlyAccessDate = {APR 2021},
Article-Number = {101267},
ISSN = {2212-0416},
ORCID-Numbers = {Valencia Torres, Angelica/0000-0003-0408-4865},
Unique-ID = {WOS:000663761500002},
}

@article{ WOS:001055467600001,
Author = {McHenry, Jennifer and Rassweiler, Andrew and Lester, Sarah E.},
Title = {Seagrass ecosystem services show complex spatial patterns and
   associations},
Journal = {ECOSYSTEM SERVICES},
Year = {2023},
Volume = {63},
Month = {OCT},
DOI = {10.1016/j.ecoser.2023.101543},
EarlyAccessDate = {JUL 2023},
Article-Number = {101543},
ISSN = {2212-0416},
ORCID-Numbers = {McHenry, Jennifer/0000-0002-0269-358X},
Unique-ID = {WOS:001055467600001},
}

@article{ WOS:000378049200001,
Author = {van der Meulen, E. S. and Braat, L. C. and Brils, J. M.},
Title = {Abiotic flows should be inherent part of ecosystem services
   classification},
Journal = {ECOSYSTEM SERVICES},
Year = {2016},
Volume = {19},
Pages = {1-5},
Month = {JUN},
DOI = {10.1016/j.ecoser.2016.03.007},
ISSN = {2212-0416},
Unique-ID = {WOS:000378049200001},
}
