
@article{ WOS:000566468800023,
Author = {Michaelis, Adriane K. and Walton, William C. and Webster, Donald W. and
   Shaffer, L. Jen},
Title = {The role of ecosystem services in the decision to grow oysters: A
   Maryland case study},
Journal = {AQUACULTURE},
Year = {2020},
Volume = {529},
Month = {DEC 15},
DOI = {10.1016/j.aquaculture.2020.735633},
Article-Number = {735633},
ISSN = {0044-8486},
EISSN = {1873-5622},
ORCID-Numbers = {Michaelis, Adriane/0000-0003-2876-7679},
Unique-ID = {WOS:000566468800023},
}

@article{ WOS:000390519900001,
Author = {DePiper, Geret S. and Lipton, Douglas W. and Lipcius, Romuald N.},
Title = {Valuing Ecosystem Services: Oysters, Denitrification, and Nutrient
   Trading Programs},
Journal = {MARINE RESOURCE ECONOMICS},
Year = {2017},
Volume = {32},
Number = {1},
Pages = {1-20},
DOI = {10.1086/688976},
ISSN = {0738-1360},
EISSN = {2334-5985},
ResearcherID-Numbers = {DePiper, Geret/JXK-0664-2024},
ORCID-Numbers = {DePiper, Geret/0000-0001-9178-9673},
Unique-ID = {WOS:000390519900001},
}

@article{ WOS:000702614400001,
Author = {Hogan, S. and Reidenbach, M. A.},
Title = {Quantifying Tradeoffs in Ecosystem Services Under Various Oyster Reef
   Restoration Designs},
Journal = {ESTUARIES AND COASTS},
Year = {2022},
Volume = {45},
Number = {3},
Pages = {677-690},
Month = {MAY},
DOI = {10.1007/s12237-021-01010-4},
EarlyAccessDate = {OCT 2021},
ISSN = {1559-2723},
EISSN = {1559-2731},
ORCID-Numbers = {Hogan, Sara/0000-0003-4675-9912},
Unique-ID = {WOS:000702614400001},
}

@article{ WOS:000405046700005,
Author = {Lemasson, Anaelle J. and Fletcher, Stephen and Hall-Spencer, Jason M.
   and Knights, Antony M.},
Title = {Linking the biological impacts of ocean acidification on oysters to
   changes in ecosystem services: A review},
Journal = {JOURNAL OF EXPERIMENTAL MARINE BIOLOGY AND ECOLOGY},
Year = {2017},
Volume = {492},
Number = {SI},
Pages = {49-62},
Month = {JUL},
DOI = {10.1016/j.jembe.2017.01.019},
ISSN = {0022-0981},
EISSN = {1879-1697},
ResearcherID-Numbers = {Fletcher, Stephen/B-4224-2009
   Hall-Spencer, Jason/AFN-7866-2022
   Hall-Spencer, Jason M/F-9179-2013
   },
ORCID-Numbers = {Hall-Spencer, Jason/0000-0002-6915-2518
   Fletcher, Stephen/0000-0003-1180-9844
   Knights, Antony/0000-0002-0916-3469},
Unique-ID = {WOS:000405046700005},
}

@article{ WOS:000338781000010,
Author = {Layman, Craig A. and Jud, Zachary R. and Archer, Stephanie K. and Riera,
   David},
Title = {Provision of ecosystem services by human-made structures in a highly
   impacted estuary},
Journal = {ENVIRONMENTAL RESEARCH LETTERS},
Year = {2014},
Volume = {9},
Number = {4},
Month = {APR},
DOI = {10.1088/1748-9326/9/4/044009},
Article-Number = {044009},
ISSN = {1748-9326},
ORCID-Numbers = {Archer, Stephanie/0000-0002-1476-607X
   Riera, David/0000-0001-7805-2079},
Unique-ID = {WOS:000338781000010},
}

@article{ WOS:000310418800011,
Author = {Grabowski, Jonathan H. and Brumbaugh, Robert D. and Conrad, Robert F.
   and Keeler, Andrew G. and Opaluch, James J. and Peterson, Charles H. and
   Piehler, Michael F. and Powers, Sean P. and Smyth, Ashley R.},
Title = {Economic Valuation of Ecosystem Services Provided by Oyster Reefs},
Journal = {BIOSCIENCE},
Year = {2012},
Volume = {62},
Number = {10},
Pages = {900-909},
Month = {OCT},
DOI = {10.1525/bio.2012.62.10.10},
ISSN = {0006-3568},
EISSN = {1525-3244},
ResearcherID-Numbers = {Piehler, Michael/C-3844-2011
   },
ORCID-Numbers = {Powers, Sean/0000-0002-4770-9944
   Piehler, Michael/0000-0003-3881-4862
   Grabowski, Jonathan/0000-0003-4711-5481},
Unique-ID = {WOS:000310418800011},
}

@article{ WOS:000248392300027,
Author = {Coen, Loren D. and Brumbaugh, Robert D. and Bushek, David and Grizzle,
   Ray and Luckenbach, Mark W. and Posey, Martin H. and Powers, Sean P. and
   Tolley, S. Gregory},
Title = {Ecosystem services related to oyster restoration},
Journal = {MARINE ECOLOGY PROGRESS SERIES},
Year = {2007},
Volume = {341},
Pages = {303-307},
DOI = {10.3354/meps341299},
ISSN = {0171-8630},
EISSN = {1616-1599},
ResearcherID-Numbers = {Luckenbach, Mark/JDW-7966-2023
   },
ORCID-Numbers = {Luckenbach, Mark/0000-0003-1949-7013
   Powers, Sean/0000-0002-4770-9944},
Unique-ID = {WOS:000248392300027},
}

@article{ WOS:000330578600004,
Author = {La Peyre, Megan K. and Humphries, Austin T. and Casas, Sandra M. and La
   Peyre, Jerome F.},
Title = {Temporal variation in development of ecosystem services from oyster reef
   restoration},
Journal = {ECOLOGICAL ENGINEERING},
Year = {2014},
Volume = {63},
Pages = {34-44},
Month = {FEB},
DOI = {10.1016/j.ecoleng.2013.12.001},
ISSN = {0925-8574},
EISSN = {1872-6992},
Unique-ID = {WOS:000330578600004},
}

@article{ WOS:000463827200015,
Author = {Gray, Matthew and zu Ermgassen, Philine and Gair, Jonathan and Langdon,
   Chris and Lemagie, Emily and Lerczak, Jim},
Title = {Spatially Explicit Estimates of In Situ Filtration by Native Oysters to
   Augment Ecosystem Services during Restoration},
Journal = {ESTUARIES AND COASTS},
Year = {2019},
Volume = {42},
Number = {3},
Pages = {792-805},
Month = {MAY},
DOI = {10.1007/s12237-019-00515-3},
ISSN = {1559-2723},
EISSN = {1559-2731},
ResearcherID-Numbers = {Gray, Matthew W/AGV-0678-2022
   },
ORCID-Numbers = {Gray, Matthew W/0000-0003-0872-2449
   Lerczak, James/0009-0002-4099-636X},
Unique-ID = {WOS:000463827200015},
}

@article{ WOS:000506578700002,
Author = {Lockwood, Rowan and Mann, Roger},
Title = {A conservation palaeobiological perspective on Chesapeake Bay oysters},
Journal = {PHILOSOPHICAL TRANSACTIONS OF THE ROYAL SOCIETY B-BIOLOGICAL SCIENCES},
Year = {2019},
Volume = {374},
Number = {1788},
Month = {DEC 23},
DOI = {10.1098/rstb.2019.0209},
Article-Number = {20190209},
ISSN = {0962-8436},
EISSN = {1471-2970},
ORCID-Numbers = {Lockwood, Rowan/0000-0003-3731-8445
   Mann, Roger/0000-0003-2001-8796},
Unique-ID = {WOS:000506578700002},
}

@article{ WOS:000589472000012,
Author = {Merk, Verena and Colsoul, Berenger and Pogoda, Bernadette},
Title = {Return of the native: Survival, growth and condition of European oysters
   reintroduced to German offshore waters},
Journal = {AQUATIC CONSERVATION-MARINE AND FRESHWATER ECOSYSTEMS},
Year = {2020},
Volume = {30},
Number = {11, SI},
Pages = {2180-2190},
Month = {NOV},
DOI = {10.1002/aqc.3426},
ISSN = {1052-7613},
EISSN = {1099-0755},
ResearcherID-Numbers = {Colsoul, Bérenger/ABF-7497-2020
   },
ORCID-Numbers = {Colsoul, Bérenger/0000-0002-7891-8036
   Pogoda, Bernadette/0000-0003-3997-426X},
Unique-ID = {WOS:000589472000012},
}

@article{ WOS:001152407500001,
Author = {Baek, Jongyoon and Go, Seonggil and Nam, Jungho and Choi, Kwang-Sik and
   Jung, Sukgeun},
Title = {Evaluation of Ecosystem Services Provided by Pacific Oyster, Crassostrea
   gigas, Farms in Hansan Bay, Korea},
Journal = {OCEAN SCIENCE JOURNAL},
Year = {2024},
Volume = {59},
Number = {1},
Month = {MAR},
DOI = {10.1007/s12601-023-00128-9},
Article-Number = {7},
ISSN = {1738-5261},
EISSN = {2005-7172},
Unique-ID = {WOS:001152407500001},
}

@article{ WOS:000331405700004,
Author = {Hoellein, Timothy J. and Zarnoch, Chester B.},
Title = {Effect of eastern oysters (<i>Crassostrea virginica</i>) on sediment
   carbon and nitrogen dynamics in an urban estuary},
Journal = {ECOLOGICAL APPLICATIONS},
Year = {2014},
Volume = {24},
Number = {2},
Pages = {271-286},
Month = {MAR},
DOI = {10.1890/12-1798.1},
ISSN = {1051-0761},
EISSN = {1939-5582},
ORCID-Numbers = {Hoellein, Timothy/0000-0002-9201-3225},
Unique-ID = {WOS:000331405700004},
}

@article{ WOS:000538936000032,
Author = {Petrolia, Daniel R. and Nyanzu, Frederick and Cebrian, Just and Harri,
   Ardian and Amato, Jamie and Walton, William C.},
Title = {Eliciting expert judgment to inform management of diverse oyster
   resources for multiple ecosystem services},
Journal = {JOURNAL OF ENVIRONMENTAL MANAGEMENT},
Year = {2020},
Volume = {268},
Month = {AUG 15},
DOI = {10.1016/j.jenvman.2020.110676},
Article-Number = {110676},
ISSN = {0301-4797},
EISSN = {1095-8630},
ResearcherID-Numbers = {Petrolia, Daniel/AAH-6670-2020},
ORCID-Numbers = {Petrolia, Daniel/0000-0003-2102-1612},
Unique-ID = {WOS:000538936000032},
}

@article{ WOS:001082946900001,
Author = {Cubillo, Alhambra Martinez and Lopes, Andre Sobral and Ferreira, Joao G.
   and Moore, Heather and Service, Matthew and Bricker, Suzanne B.},
Title = {Quantification and valuation of the potential of shellfish ecosystem
   services in mitigating coastal eutrophication},
Journal = {ESTUARINE COASTAL AND SHELF SCIENCE},
Year = {2023},
Volume = {293},
Month = {OCT 31},
DOI = {10.1016/j.ecss.2023.108469},
EarlyAccessDate = {SEP 2023},
Article-Number = {108469},
ISSN = {0272-7714},
EISSN = {1096-0015},
Unique-ID = {WOS:001082946900001},
}

@article{ WOS:000823631100001,
Author = {Richardson, Marina A. and Zhang, Ya and Connolly, Rod M. and Gillies,
   Chris L. and McDougall, Carmel},
Title = {Some Like it Hot: The Ecology, Ecosystem Benefits and Restoration
   Potential of Oyster Reefs in Tropical Waters},
Journal = {FRONTIERS IN MARINE SCIENCE},
Year = {2022},
Volume = {9},
Month = {JUN 23},
DOI = {10.3389/fmars.2022.873768},
Article-Number = {873768},
EISSN = {2296-7745},
ResearcherID-Numbers = {McDougall, Carmel/G-3512-2010
   Connolly, Rod M/C-4094-2008},
ORCID-Numbers = {McDougall, Carmel/0000-0002-2116-5651
   Connolly, Rod M/0000-0001-6223-1291},
Unique-ID = {WOS:000823631100001},
}

@article{ WOS:000674452700003,
Author = {Chowdhury, Mohammed Shah Nawaz and La Peyre, Megan and Coen, Loren D.
   and Morris, Rebecca L. and Luckenbach, Mark W. and Ysebaert, Tom and
   Walles, Brenda and Smaal, Aad C.},
Title = {Ecological engineering with oysters enhances coastal resilience efforts},
Journal = {ECOLOGICAL ENGINEERING},
Year = {2021},
Volume = {169},
Month = {NOV 1},
DOI = {10.1016/j.ecoleng.2021.106320},
EarlyAccessDate = {JUN 2021},
Article-Number = {106320},
ISSN = {0925-8574},
EISSN = {1872-6992},
ResearcherID-Numbers = {Luckenbach, Mark/JDW-7966-2023
   },
ORCID-Numbers = {Luckenbach, Mark/0000-0003-1949-7013
   Walles, Brenda/0000-0002-1421-9922
   Chowdhury, M. Shah Nawaz/0000-0003-0519-1363},
Unique-ID = {WOS:000674452700003},
}

@article{ WOS:000331663800015,
Author = {Kochmann, Judith and Crowe, Tasman P.},
Title = {Effects of native macroalgae and predators on survival, condition and
   growth of non-indigenous Pacific oysters (<i>Crassostrea gigas</i>)},
Journal = {JOURNAL OF EXPERIMENTAL MARINE BIOLOGY AND ECOLOGY},
Year = {2014},
Volume = {451},
Pages = {122-129},
Month = {FEB},
DOI = {10.1016/j.jembe.2013.11.007},
ISSN = {0022-0981},
EISSN = {1879-1697},
ResearcherID-Numbers = {Kochmann, Judith/AAG-3574-2021
   },
ORCID-Numbers = {Kochmann, Judith/0000-0001-6312-7859},
Unique-ID = {WOS:000331663800015},
}

@article{ WOS:000360410500042,
Author = {Sebastiano, Daria and Levinton, Jeffrey S. and Doall, Michael and
   Kamath, Shauna},
Title = {USING A SHELLFISH HARVEST STRATEGY TO EXTRACT HIGH NITROGEN INPUTS IN
   URBAN AND SUBURBAN COASTAL BAYS: PRACTICAL AND ECONOMIC IMPLICATIONS},
Journal = {JOURNAL OF SHELLFISH RESEARCH},
Year = {2015},
Volume = {34},
Number = {2},
Pages = {573-583},
Month = {AUG},
DOI = {10.2983/035.034.0242},
ISSN = {0730-8000},
EISSN = {1943-6319},
Unique-ID = {WOS:000360410500042},
}

@article{ WOS:000320105100007,
Author = {Wilberg, Michael J. and Wiedenmann, John R. and Robinson, Jason M.},
Title = {Sustainable exploitation and management of autogenic ecosystem
   engineers: application to oysters in Chesapeake Bay},
Journal = {ECOLOGICAL APPLICATIONS},
Year = {2013},
Volume = {23},
Number = {4},
Pages = {766-776},
Month = {JUN},
DOI = {10.1890/12-0563.1},
ISSN = {1051-0761},
EISSN = {1939-5582},
ResearcherID-Numbers = {Wilberg, Michael/D-6289-2013
   },
ORCID-Numbers = {Wilberg, Michael/0000-0001-8982-5946
   Wiedenmann, John/0000-0001-7622-9053},
Unique-ID = {WOS:000320105100007},
}

@article{ WOS:001110796800001,
Author = {Barr, Janine M. and Munroe, Daphne and Rose, Julie M. and Calvo, Lisa
   and Cheng, Kurt M. and Bayer, Skylar and Kreeger, Danielle},
Title = {Seasonal Feeding Behavior of Aquaculture Eastern Oysters (<i>Crassostrea
   virginica</i>) in the Mid-Atlantic},
Journal = {ESTUARIES AND COASTS},
Year = {2023},
Month = {2023 NOV 30},
DOI = {10.1007/s12237-023-01293-9},
EarlyAccessDate = {NOV 2023},
ISSN = {1559-2723},
EISSN = {1559-2731},
Unique-ID = {WOS:001110796800001},
}

@article{ WOS:000343247200046,
Author = {Scyphers, Steven B. and Picou, J. Steven and Brumbaugh, Robert D. and
   Powers, Sean P.},
Title = {Integrating societal perspectives and values for improved stewardship of
   a coastal ecosystem engineer},
Journal = {ECOLOGY AND SOCIETY},
Year = {2014},
Volume = {19},
Number = {3},
DOI = {10.5751/ES-06835-190338},
Article-Number = {38},
ISSN = {1708-3087},
ORCID-Numbers = {Powers, Sean/0000-0002-4770-9944},
Unique-ID = {WOS:000343247200046},
}

@article{ WOS:000671691000036,
Author = {Ridlon, April D. and Wasson, Kerstin and Waters, Tiffany and Adams, John
   and Donatuto, Jamie and Fleener, Gary and Froehlich, Halley and
   Govender, Rhona and Kornbluth, Aaron and Lorda, Julio and Peabody, Betsy
   and Iv, Gifford Pinchot and Rumrill, Steven S. and Tobin, Elizabeth and
   Zabin, Chela J. and Zacherl, Danielle and Grosholz, Edwin D.},
Title = {Conservation aquaculture as a tool for imperiled marine species:
   Evaluation of opportunities and risks for Olympia oysters, <i>Ostrea
   lurida</i>},
Journal = {PLOS ONE},
Year = {2021},
Volume = {16},
Number = {6},
Month = {JUN 21},
DOI = {10.1371/journal.pone.0252810},
Article-Number = {e0252810},
ISSN = {1932-6203},
ResearcherID-Numbers = {Ridlon, April D/GPJ-0580-2022
   Lorda, Julio/J-1464-2019
   },
ORCID-Numbers = {Lorda, Julio/0000-0002-4293-7518
   Froehlich, Halley/0000-0001-7322-1523
   Wasson, Kerstin/0000-0002-1858-4505
   Ridlon, April/0000-0002-4618-9908
   /0000-0001-9798-2490
   Zacherl, Danielle/0000-0002-5351-2451},
Unique-ID = {WOS:000671691000036},
}

@article{ WOS:000692755800001,
Author = {Howie, Alice H. and Bishop, Melanie J.},
Title = {Contemporary Oyster Reef Restoration: Responding to a Changing World},
Journal = {FRONTIERS IN ECOLOGY AND EVOLUTION},
Year = {2021},
Volume = {9},
Month = {AUG 3},
DOI = {10.3389/fevo.2021.689915},
Article-Number = {689915},
ISSN = {2296-701X},
ResearcherID-Numbers = {Bishop, Melanie/AGA-7862-2022
   Howie, Alice/HLW-5716-2023
   },
ORCID-Numbers = {Bishop, Melanie/0000-0001-8210-6500},
Unique-ID = {WOS:000692755800001},
}

@article{ WOS:000985650500001,
Author = {Smith, Rachel S. and Castorani, Max C. N.},
Title = {Meta-analysis reveals drivers of restoration success for oysters and
   reef community},
Journal = {ECOLOGICAL APPLICATIONS},
Year = {2023},
Volume = {33},
Number = {5},
Month = {JUL},
DOI = {10.1002/eap.2865},
EarlyAccessDate = {MAY 2023},
ISSN = {1051-0761},
EISSN = {1939-5582},
ORCID-Numbers = {Castorani, Max/0000-0002-7372-9359
   Smith, Rachel/0000-0002-8713-126X},
Unique-ID = {WOS:000985650500001},
}

@article{ WOS:000364329000009,
Author = {La Peyre, Megan K. and Serra, Kayla and Joyner, T. Andrew and Humphries,
   Austin},
Title = {Assessing shoreline exposure and oyster habitat suitability maximizes
   potential success for sustainable shoreline protection using restored
   oyster reefs},
Journal = {PEERJ},
Year = {2015},
Volume = {3},
Month = {OCT 6},
DOI = {10.7717/peerj.1317},
Article-Number = {e1317},
ISSN = {2167-8359},
ORCID-Numbers = {Joyner, Timothy/0000-0003-2790-6817},
Unique-ID = {WOS:000364329000009},
}

@article{ WOS:001056092100001,
Author = {Southwell, Melissa and Veenstra, Jessica and Blanco, Christopher and
   Bowen, Savannahlynne and Chaya, Taryn and Cooper-Kolb, Tyler and Marcum,
   Pamela and Mccaul, Patricia},
Title = {Controls on Surface and Downcore Sedimentary Organic Matter in a
   Constructed Oyster Reef},
Journal = {SUSTAINABILITY},
Year = {2023},
Volume = {15},
Number = {16},
Month = {AUG},
DOI = {10.3390/su151612584},
Article-Number = {12584},
EISSN = {2071-1050},
ORCID-Numbers = {Marcum, Pamela/0000-0002-8361-132X
   Blanco, Chris/0009-0000-9721-3181
   Southwell, Melissa/0000-0002-3405-2584},
Unique-ID = {WOS:001056092100001},
}

@article{ WOS:000566949900001,
Author = {Reeves, Simon E. and Renzi, Julianna J. and Fobert, Emily K. and
   Silliman, Brian R. and Hancock, Boze and Gillies, Chris L.},
Title = {Facilitating Better Outcomes: How Positive Species Interactions Can
   Improve Oyster Reef Restoration},
Journal = {FRONTIERS IN MARINE SCIENCE},
Year = {2020},
Volume = {7},
Month = {SEP 3},
DOI = {10.3389/fmars.2020.00656},
Article-Number = {656},
EISSN = {2296-7745},
ResearcherID-Numbers = {Reeves, Simon E/AAJ-3379-2021
   },
ORCID-Numbers = {Renzi, Julianna/0000-0002-6187-8656
   Fobert, Emily/0000-0001-5020-0615},
Unique-ID = {WOS:000566949900001},
}

@article{ WOS:000555557000008,
Author = {Lai, Quan T. and Irwin, Elise R. and Zhang, Yaoqi},
Title = {Estimating nitrogen removal services of eastern oyster (<i>Crassostrea
   virginica</i>) in Mobile Bay, Alabama},
Journal = {ECOLOGICAL INDICATORS},
Year = {2020},
Volume = {117},
Month = {OCT},
DOI = {10.1016/j.ecolind.2020.106541},
Article-Number = {106541},
ISSN = {1470-160X},
EISSN = {1872-7034},
ORCID-Numbers = {Lai, Quan/0000-0001-5361-4047},
Unique-ID = {WOS:000555557000008},
}

@article{ WOS:000827261200001,
Author = {Guyondet, Thomas and Filgueira, Ramon and Pearce, Christopher M. and
   Tremblay, Rejean and Comeau, Luc A.},
Title = {Nutrient-Loading Mitigation by Shellfish Aquaculture in Semi-Enclosed
   Estuaries},
Journal = {FRONTIERS IN MARINE SCIENCE},
Year = {2022},
Volume = {9},
Month = {JUN 24},
DOI = {10.3389/fmars.2022.909926},
Article-Number = {909926},
EISSN = {2296-7745},
ResearcherID-Numbers = {Pearce, Christopher Michael/HNT-0845-2023},
Unique-ID = {WOS:000827261200001},
}

@article{ WOS:000596116000001,
Author = {McAfee, Dominic and Connell, Sean D.},
Title = {The global fall and rise of oyster reefs},
Journal = {FRONTIERS IN ECOLOGY AND THE ENVIRONMENT},
Year = {2021},
Volume = {19},
Number = {2},
Pages = {118-125},
Month = {MAR},
DOI = {10.1002/fee.2291},
EarlyAccessDate = {DEC 2020},
ISSN = {1540-9295},
EISSN = {1540-9309},
ResearcherID-Numbers = {Mcafee, Dominic/ABD-5585-2020},
ORCID-Numbers = {Mcafee, Dominic/0000-0001-8278-8169},
Unique-ID = {WOS:000596116000001},
}

@article{ WOS:000317937600001,
Author = {Kellogg, M. Lisa and Cornwell, Jeffrey C. and Owens, Michael S. and
   Paynter, Kennedy T.},
Title = {Denitrification and nutrient assimilation on a restored oyster reef},
Journal = {MARINE ECOLOGY PROGRESS SERIES},
Year = {2013},
Volume = {480},
Pages = {1-19},
DOI = {10.3354/meps10331},
ISSN = {0171-8630},
EISSN = {1616-1599},
ResearcherID-Numbers = {Kellogg, Lisa/HZK-8902-2023
   Cornwell, Jeffrey/R-5506-2016
   Paynter, Kennedy T/F-9717-2013},
ORCID-Numbers = {Kellogg, Lisa/0000-0001-6577-5091
   Cornwell, Jeffrey/0000-0001-7111-2489
   },
Unique-ID = {WOS:000317937600001},
}
