
@article{ WOS:000797100200001,
Author = {Leong, Rick C. and Bugnot, Ana B. and Marzinelli, Ezequiel M. and
   Figueira, Will F. and Erickson, Katherine R. and Poore, Alistair G. B.
   and Gribben, Paul E.},
Title = {Variation in the density and body size of a threatened foundation
   species across multiple spatial scales},
Journal = {RESTORATION ECOLOGY},
Year = {2022},
Volume = {30},
Number = {8},
Month = {NOV},
DOI = {10.1111/rec.13670},
EarlyAccessDate = {MAY 2022},
Article-Number = {e13670},
ISSN = {1061-2971},
EISSN = {1526-100X},
ResearcherID-Numbers = {Figueira, Will/A-5163-2009
   Marzinelli, Ezequiel/AAH-2906-2019
   Leong, Rick/HIU-0344-2022
   Poore, Alistair/C-2934-2008
   Bugnot, Ana/GQA-3017-2022
   },
ORCID-Numbers = {Figueira, Will/0000-0001-9472-8710
   Marzinelli, Ezequiel/0000-0002-3762-3389
   Poore, Alistair/0000-0002-3560-3659
   Bugnot, Ana/0000-0001-6451-0307
   Erickson, Katherine Ruby/0000-0001-7363-5865},
Unique-ID = {WOS:000797100200001},
}

@article{ WOS:000335581700012,
Author = {Aquino-Thomas, Jessene and Proffitt, C. Edward},
Title = {Oysters <i>Crassostrea virginica</i> on red mangrove <i>Rhizophora
   mangle</i> prop roots: facilitation of one foundation species by another},
Journal = {MARINE ECOLOGY PROGRESS SERIES},
Year = {2014},
Volume = {503},
Pages = {177-194},
DOI = {10.3354/meps10742},
ISSN = {0171-8630},
EISSN = {1616-1599},
Unique-ID = {WOS:000335581700012},
}

@article{ WOS:000666392300001,
Author = {Hays, C. G. and Hanley, T. C. and Hughes, A. R. and Truskey, S. B. and
   Zerebecki, R. A. and Sotka, E. E.},
Title = {Local Adaptation in Marine Foundation Species at Microgeographic Scales},
Journal = {BIOLOGICAL BULLETIN},
Year = {2021},
Volume = {241},
Number = {1},
Pages = {16-29},
Month = {AUG 1},
DOI = {10.1086/714821},
EarlyAccessDate = {AUG 2021},
ISSN = {0006-3185},
EISSN = {1939-8697},
ORCID-Numbers = {Hanley, Torrance/0000-0003-1306-8189},
Unique-ID = {WOS:000666392300001},
}

@article{ WOS:000339662400012,
Author = {Gedan, Keryn B. and Kellogg, Lisa and Breitburg, Denise L.},
Title = {Accounting for Multiple Foundation Species in Oyster Reef Restoration
   Benefits},
Journal = {RESTORATION ECOLOGY},
Year = {2014},
Volume = {22},
Number = {4},
Pages = {517-524},
Month = {JUL},
DOI = {10.1111/rec.12107},
ISSN = {1061-2971},
EISSN = {1526-100X},
ResearcherID-Numbers = {Gedan, Keryn B/A-3575-2010
   Kellogg, Lisa/HZK-8902-2023},
ORCID-Numbers = {Gedan, Keryn B/0000-0003-4020-5441
   Kellogg, Lisa/0000-0001-6577-5091},
Unique-ID = {WOS:000339662400012},
}

@article{ WOS:000256770100006,
Author = {Bracken, Matthew E. S. and Bracken, Barry E. and Rogers-Bennett, Laura},
Title = {Species diversity and foundation species: Potential indicators of
   fisheries yields and marine ecosystem functioning},
Journal = {CALIFORNIA COOPERATIVE OCEANIC FISHERIES INVESTIGATIONS REPORTS},
Year = {2007},
Volume = {48},
Pages = {82-91},
Month = {DEC},
Note = {California Cooperative Oceanic Fisheries Investigations Conference,
   Pacific Grove, CA, DEC 05, 2006},
ISSN = {0575-3317},
ResearcherID-Numbers = {Bracken, Matthew E.S./I-9359-2019
   Bracken, Matthew E S/B-1259-2008},
ORCID-Numbers = {Bracken, Matthew E.S./0000-0002-0068-7485
   Bracken, Matthew E S/0000-0002-0068-7485},
Unique-ID = {WOS:000256770100006},
}

@article{ WOS:000408836600024,
Author = {Bible, Jillian M. and Cheng, Brian S. and Chang, Andrew L. and Ferner,
   Matthew C. and Wasson, Kerstin and Zabin, Chela J. and Latta, Marilyn
   and Sanford, Eric and Deck, Anna and Grosholz, Edwin D.},
Title = {Timing of stressors alters interactive effects on a coastal foundation
   species},
Journal = {ECOLOGY},
Year = {2017},
Volume = {98},
Number = {9},
Pages = {2468-2478},
Month = {SEP},
DOI = {10.1002/ecy.1943},
ISSN = {0012-9658},
EISSN = {1939-9170},
ResearcherID-Numbers = {Chang, Andrew/J-8058-2016
   },
ORCID-Numbers = {Chang, Andrew/0000-0002-7870-285X
   Bible, Jillian/0000-0003-0636-3817},
Unique-ID = {WOS:000408836600024},
}

@article{ WOS:000449937900014,
Author = {Johnston, Cora A. and Gruner, Daniel S.},
Title = {Marine fauna sort at fine resolution in an ecotone of shifting wetland
   foundation species},
Journal = {ECOLOGY},
Year = {2018},
Volume = {99},
Number = {11},
Pages = {2546-2557},
Month = {NOV},
DOI = {10.1002/ecy.2505},
ISSN = {0012-9658},
EISSN = {1939-9170},
ResearcherID-Numbers = {Gruner, Daniel Stephen/A-5166-2010},
ORCID-Numbers = {Gruner, Daniel Stephen/0000-0002-3153-4297},
Unique-ID = {WOS:000449937900014},
}

@article{ WOS:000777975700001,
Author = {Smith, Rachel S. and Lusk, Bo and Castorani, Max C. N.},
Title = {Restored oyster reefs match multiple functions of natural reefs within a
   decade},
Journal = {CONSERVATION LETTERS},
Year = {2022},
Volume = {15},
Number = {4},
Month = {JUL},
DOI = {10.1111/conl.12883},
EarlyAccessDate = {APR 2022},
Article-Number = {e12883},
ISSN = {1755-263X},
ORCID-Numbers = {Castorani, Max/0000-0002-7372-9359},
Unique-ID = {WOS:000777975700001},
}

@article{ WOS:000537610100014,
Author = {Gagnon, Karine and Rinde, E. and Bengil, Elizabeth G. T. and Carugati,
   Laura and Christianen, Marjolijn J. A. and Danovaro, Roberto and Gambi,
   Cristina and Govers, Laura L. and Kipson, Silvija and Meysick, Lukas and
   Pajusalu, Liina and Kizilkaya, Inci Tuney and van de Koppel, Johan and
   van der Heide, Tjisse and van Katwijk, Marieke M. and Bostrom,
   Christoffer},
Title = {Facilitating foundation species: The potential for plant-bivalve
   interactions to improve habitat restoration success},
Journal = {JOURNAL OF APPLIED ECOLOGY},
Year = {2020},
Volume = {57},
Number = {6},
Pages = {1161-1179},
Month = {JUN},
DOI = {10.1111/1365-2664.13605},
ISSN = {0021-8901},
EISSN = {1365-2664},
ResearcherID-Numbers = {Kızılkaya, Inci Tüney/AAG-5844-2021
   van Katwijk, Marieke M/B-1709-2012
   van der Heide, Tjisse/M-3000-2013
   Gagnon, Karine/O-1514-2013
   Carugati, Laura/AAM-6614-2021
   Pajusalu, Liina/AFU-8014-2022
   Meysick, Lukas/AAW-7222-2020
   Boström, Christoffer/U-6679-2017
   Tuney Kızılkaya, Inci/GLR-3086-2022
   Govers, Laura L/B-8838-2011
   Roberto, Danovaro/M-9018-2014
   Christianen, Marjolijn J. A./B-8847-2011
   BENGIL, ELIZABETH GRACE TUNKA/J-5714-2018},
ORCID-Numbers = {Kızılkaya, Inci Tüney/0000-0003-0293-6964
   van Katwijk, Marieke M/0000-0002-4482-5835
   Gagnon, Karine/0000-0002-0971-7740
   Carugati, Laura/0000-0002-0921-6911
   Boström, Christoffer/0000-0003-2845-8331
   Gambi, Cristina/0000-0001-6160-6004
   Rinde, Eli/0000-0002-5960-3725
   Roberto, Danovaro/0000-0002-9025-9395
   Meysick, Lukas/0000-0002-6217-4925
   Christianen, Marjolijn J. A./0000-0001-5839-2981
   BENGIL, ELIZABETH GRACE TUNKA/0000-0002-0071-3786},
Unique-ID = {WOS:000537610100014},
}

@article{ WOS:000985650500001,
Author = {Smith, Rachel S. and Castorani, Max C. N.},
Title = {Meta-analysis reveals drivers of restoration success for oysters and
   reef community},
Journal = {ECOLOGICAL APPLICATIONS},
Year = {2023},
Volume = {33},
Number = {5},
Month = {JUL},
DOI = {10.1002/eap.2865},
EarlyAccessDate = {MAY 2023},
ISSN = {1051-0761},
EISSN = {1939-5582},
ORCID-Numbers = {Castorani, Max/0000-0002-7372-9359
   Smith, Rachel/0000-0002-8713-126X},
Unique-ID = {WOS:000985650500001},
}

@article{ WOS:000557344100001,
Author = {McAfee, Dominic and Larkin, Catherine and Connell, Sean D.},
Title = {Multi-species restoration accelerates recovery of extinguished oyster
   reefs},
Journal = {JOURNAL OF APPLIED ECOLOGY},
Year = {2021},
Volume = {58},
Number = {2},
Pages = {286-294},
Month = {FEB},
DOI = {10.1111/1365-2664.13719},
EarlyAccessDate = {AUG 2020},
ISSN = {0021-8901},
EISSN = {1365-2664},
ResearcherID-Numbers = {Mcafee, Dominic/ABD-5585-2020
   Connell, Sean/A-8874-2008},
ORCID-Numbers = {Mcafee, Dominic/0000-0001-8278-8169
   Connell, Sean/0000-0002-5350-6852},
Unique-ID = {WOS:000557344100001},
}

@article{ WOS:000527915700005,
Author = {Andriana, Rosyta and van der Ouderaa, Isabelle and Eriksson, Britas
   Klemens},
Title = {A Pacific oyster invasion transforms shellfish reef structure by
   changing the development of associated seaweeds},
Journal = {ESTUARINE COASTAL AND SHELF SCIENCE},
Year = {2020},
Volume = {235},
Month = {APR 5},
DOI = {10.1016/j.ecss.2019.106564},
Article-Number = {106564},
ISSN = {0272-7714},
EISSN = {1096-0015},
ResearcherID-Numbers = {Eriksson, Britas Klemens/D-8601-2015
   },
ORCID-Numbers = {Eriksson, Britas Klemens/0000-0003-4752-922X
   Andriana, Rosyta/0000-0001-8442-9899},
Unique-ID = {WOS:000527915700005},
}

@article{ WOS:001080733600001,
Author = {Harris, R. Daniel and Blaze, Julie A. and Byers, James E.},
Title = {Facilitation between two dominant ecosystem engineers extends their
   footprints and degree of overlap},
Journal = {JOURNAL OF EXPERIMENTAL MARINE BIOLOGY AND ECOLOGY},
Year = {2023},
Volume = {568},
Month = {NOV},
DOI = {10.1016/j.jembe.2023.151944},
EarlyAccessDate = {SEP 2023},
Article-Number = {151944},
ISSN = {0022-0981},
EISSN = {1879-1697},
Unique-ID = {WOS:001080733600001},
}

@article{ WOS:000305296600016,
Author = {Bishop, Melanie J. and Byers, James E. and Marcek, Benjamin J. and
   Gribben, Paul E.},
Title = {Density-dependent facilitation cascades determine epifaunal community
   structure in temperate Australian mangroves},
Journal = {ECOLOGY},
Year = {2012},
Volume = {93},
Number = {6},
Pages = {1388-1401},
Month = {JUN},
DOI = {10.1890/10-2296.1},
ISSN = {0012-9658},
ResearcherID-Numbers = {Bishop, Melanie/AGA-7862-2022
   Byers, James/AFJ-8413-2022
   },
ORCID-Numbers = {Byers, James/0000-0001-9240-0287
   Gribben, Paul/0000-0003-2650-5501
   Bishop, Melanie/0000-0001-8210-6500},
Unique-ID = {WOS:000305296600016},
}

@article{ WOS:000395424200008,
Author = {Bateman, Daniel C. and Bishop, Melanie J.},
Title = {The environmental context and traits of habitat-forming bivalves
   influence the magnitude of their ecosystem engineering},
Journal = {MARINE ECOLOGY PROGRESS SERIES},
Year = {2017},
Volume = {563},
Pages = {95-110},
Month = {JAN 20},
DOI = {10.3354/meps11959},
ISSN = {0171-8630},
EISSN = {1616-1599},
ResearcherID-Numbers = {Bishop, Melanie/AGA-7862-2022
   },
ORCID-Numbers = {Bishop, Melanie/0000-0001-8210-6500},
Unique-ID = {WOS:000395424200008},
}

@article{ WOS:000829194000001,
Author = {Byers, James E.},
Title = {Using ecosystem engineers to enhance multiple ecosystem processes},
Journal = {FUNCTIONAL ECOLOGY},
Year = {2024},
Volume = {38},
Number = {1},
Pages = {22-36},
Month = {JAN},
DOI = {10.1111/1365-2435.14130},
EarlyAccessDate = {JUL 2022},
ISSN = {0269-8463},
EISSN = {1365-2435},
ORCID-Numbers = {Byers, James/0000-0001-9240-0287},
Unique-ID = {WOS:000829194000001},
}
