
@article{ WOS:000329405700002,
Author = {Baiser, Benjamin and Whitaker, Nathaniel and Ellison, Aaron M.},
Title = {Modeling foundation species in food webs},
Journal = {ECOSPHERE},
Year = {2013},
Volume = {4},
Number = {12},
Month = {DEC},
DOI = {10.1890/ES13-00265.1},
Article-Number = {146},
ISSN = {2150-8925},
ResearcherID-Numbers = {Baiser, Benjamin/JCE-2177-2023
   },
ORCID-Numbers = {Ellison, Aaron/0000-0003-4151-6081},
Unique-ID = {WOS:000329405700002},
}

@article{ WOS:000468963200006,
Author = {Derksen-Hooijberg, Marlous and van der Heide, Tjisse and Lamers, Leon P.
   M. and Borst, Annieke and Smolders, Alfons J. P. and Govers, Laura L.
   and Hoogveld, Jasper R. H. and Angelini, Christine},
Title = {Burrowing Crabs Weaken Mutualism Between Foundation Species},
Journal = {ECOSYSTEMS},
Year = {2019},
Volume = {22},
Number = {4},
Pages = {767-780},
Month = {JUN},
DOI = {10.1007/s10021-018-0301-x},
ISSN = {1432-9840},
EISSN = {1435-0629},
ResearcherID-Numbers = {van der Heide, Tjisse/M-3000-2013
   Govers, Laura L/B-8838-2011
   Smolders, Alfons J.P./H-2583-2012
   Lamers, Leon P.M./A-8718-2012
   },
ORCID-Numbers = {Borst, Annieke/0000-0001-7362-5990},
Unique-ID = {WOS:000468963200006},
}

@article{ WOS:000345097200002,
Author = {Altieri, Andrew H. and Witman, Jon D.},
Title = {Modular mobile foundation species as reservoirs of biodiversity},
Journal = {ECOSPHERE},
Year = {2014},
Volume = {5},
Number = {10},
Month = {OCT},
DOI = {10.1890/ES14-00018.1},
Article-Number = {124},
ISSN = {2150-8925},
ResearcherID-Numbers = {Altieri, Andrew H/P-1738-2017
   },
ORCID-Numbers = {Altieri, Andrew/0000-0001-7439-8742},
Unique-ID = {WOS:000345097200002},
}

@article{ WOS:001080329000001,
Author = {Heineke, Marcella R. and Kimbro, David L. and Zabin, Chela J. and
   Grosholz, Edwin D.},
Title = {Harnessing trophic cascades to improve foundation species restoration: A
   meta-analysis},
Journal = {ECOSPHERE},
Year = {2023},
Volume = {14},
Number = {10},
Month = {OCT},
DOI = {10.1002/ecs2.4675},
Article-Number = {e4675},
ISSN = {2150-8925},
ORCID-Numbers = {Kimbro, David/0000-0003-4711-3531},
Unique-ID = {WOS:001080329000001},
}

@article{ WOS:000693696300004,
Author = {Elsberry, Laura A. and Bracken, Matthew E. S.},
Title = {Functional redundancy buffers mobile invertebrates against the loss of
   foundation species on rocky shores},
Journal = {MARINE ECOLOGY PROGRESS SERIES},
Year = {2021},
Volume = {673},
Pages = {43-54},
Month = {SEP 2},
DOI = {10.3354/meps13795},
ISSN = {0171-8630},
EISSN = {1616-1599},
ResearcherID-Numbers = {Bracken, Matthew E.S./I-9359-2019},
ORCID-Numbers = {Bracken, Matthew E.S./0000-0002-0068-7485},
Unique-ID = {WOS:000693696300004},
}

@article{ WOS:000752973500001,
Author = {Fields, J. B. and Silbiger, N. J.},
Title = {Foundation species loss alters multiple ecosystem functions within
   temperate tidepool communities},
Journal = {MARINE ECOLOGY PROGRESS SERIES},
Year = {2022},
Volume = {683},
Pages = {1-19},
Month = {FEB 3},
DOI = {10.3354/meps13978},
ISSN = {0171-8630},
EISSN = {1616-1599},
Unique-ID = {WOS:000752973500001},
}

@article{ WOS:000341168300009,
Author = {Hughes, A. Randall and Gribben, Paul E. and Kimbro, David L. and Bishop,
   Melanie J.},
Title = {Additive and site-specific effects of two foundation species on
   invertebrate community structure},
Journal = {MARINE ECOLOGY PROGRESS SERIES},
Year = {2014},
Volume = {508},
Pages = {129-138},
Month = {AUG 4},
DOI = {10.3354/meps10867},
ISSN = {0171-8630},
EISSN = {1616-1599},
ResearcherID-Numbers = {Bishop, Melanie/AGA-7862-2022
   },
ORCID-Numbers = {Bishop, Melanie/0000-0001-8210-6500
   Gribben, Paul/0000-0003-2650-5501
   Hughes, A. Randall/0000-0001-5072-7310},
Unique-ID = {WOS:000341168300009},
}

@article{ WOS:000635881200001,
Author = {Ridlon, April D. and Marks, Althea and Zabin, Chela J. and Zacherl,
   Danielle and Allen, Brian and Crooks, Jeffrey and Fleener, Gary and
   Grosholz, Edwin and Peabody, Betsy and Toft, Jodie and Wasson, Kerstin},
Title = {Conservation of Marine Foundation Species: Learning from Native Oyster
   Restoration from California to British Columbia},
Journal = {ESTUARIES AND COASTS},
Year = {2021},
Volume = {44},
Number = {7},
Pages = {1723-1743},
Month = {NOV},
DOI = {10.1007/s12237-021-00920-7},
EarlyAccessDate = {APR 2021},
ISSN = {1559-2723},
EISSN = {1559-2731},
ResearcherID-Numbers = {Ridlon, April D/GPJ-0580-2022
   },
ORCID-Numbers = {Marks, Althea/0000-0002-9370-9128
   Ridlon, April/0000-0002-4618-9908
   Allen, Brian/0000-0002-1520-0027
   Zacherl, Danielle/0000-0002-5351-2451
   Crooks, Jeffrey/0000-0002-3995-7972},
Unique-ID = {WOS:000635881200001},
}

@article{ WOS:000404425100009,
Author = {Keith, Arthur R. and Bailey, Joseph K. and Lau, Matthew K. and Whitham,
   Thomas G.},
Title = {Genetics-based interactions of foundation species affect community
   diversity, stability and network structure},
Journal = {PROCEEDINGS OF THE ROYAL SOCIETY B-BIOLOGICAL SCIENCES},
Year = {2017},
Volume = {284},
Number = {1854},
Month = {MAY 17},
DOI = {10.1098/rspb.2016.2703},
Article-Number = {20162703},
ISSN = {0962-8452},
EISSN = {1471-2954},
Unique-ID = {WOS:000404425100009},
}

@article{ WOS:001132458900001,
Author = {Wu, Changlu and He, Qiang},
Title = {Co-restoring keystone predators and foundation species to recover a
   coastal wetland},
Journal = {JOURNAL OF APPLIED ECOLOGY},
Year = {2023},
Month = {2023 DEC 28},
DOI = {10.1111/1365-2664.14569},
EarlyAccessDate = {DEC 2023},
ISSN = {0021-8901},
EISSN = {1365-2664},
Unique-ID = {WOS:001132458900001},
}

@article{ WOS:000473927200001,
Author = {Yando, Erik S. and Osland, Michael J. and Jones, Scott F. and Hester,
   Mark W.},
Title = {Jump-starting coastal wetland restoration: a comparison of marsh and
   mangrove foundation species},
Journal = {RESTORATION ECOLOGY},
Year = {2019},
Volume = {27},
Number = {5},
Pages = {1145-1154},
Month = {SEP},
DOI = {10.1111/rec.12963},
EarlyAccessDate = {JUL 2019},
ISSN = {1061-2971},
EISSN = {1526-100X},
ResearcherID-Numbers = {Osland, Michael/D-1814-2014
   },
ORCID-Numbers = {Osland, Michael/0000-0001-9902-8692
   Jones, Scott/0000-0002-1056-3785
   Yando, Erik/0000-0002-8786-6178},
Unique-ID = {WOS:000473927200001},
}

@article{ WOS:000946366500001,
Author = {Catalan, Alexis M. and Lopez, Daniela N. and Fica-Rojas, Eliseo and
   Broitman, Bernardo R. and Valdivia, Nelson and Scrosati, Ricardo A.},
Title = {Foundation species canopies affect understory beta diversity differently
   depending on species mobility},
Journal = {ECOLOGY},
Year = {2023},
Volume = {104},
Number = {4},
Month = {APR},
DOI = {10.1002/ecy.3999},
EarlyAccessDate = {MAR 2023},
ISSN = {0012-9658},
EISSN = {1939-9170},
ResearcherID-Numbers = {Valdivia, Nelson A/C-3613-2009
   Catalan, Alexis/HKF-2973-2023
   Broitman, Bernardo/D-6007-2013
   },
ORCID-Numbers = {Valdivia, Nelson A/0000-0002-5394-2072
   Scrosati, Ricardo Augusto/0000-0002-3050-132X
   Catalan, Alexis/0000-0003-0586-6551
   Broitman, Bernardo/0000-0001-6582-3188
   Lopez, Daniela/0000-0003-2028-8438},
Unique-ID = {WOS:000946366500001},
}

@article{ WOS:000504857200015,
Author = {Narwani, Anita and Reyes, Marta and Pereira, Aaron Louis and Penson,
   Hannele and Dennis, Stuart R. and Derrer, Samuel and Spaak, Piet and
   Matthews, Blake},
Title = {Interactive effects of foundation species on ecosystem functioning and
   stability in response to disturbance},
Journal = {PROCEEDINGS OF THE ROYAL SOCIETY B-BIOLOGICAL SCIENCES},
Year = {2019},
Volume = {286},
Number = {1913},
Month = {OCT 23},
DOI = {10.1098/rspb.2019.1857},
Article-Number = {20191857},
ISSN = {0962-8452},
EISSN = {1471-2954},
ResearcherID-Numbers = {Matthews, Blake/B-5608-2009
   Dennis, Stuart/L-7998-2017
   },
ORCID-Numbers = {Matthews, Blake/0000-0001-9089-704X
   Dennis, Stuart/0000-0003-4263-3562
   Narwani, Anita/0000-0003-4561-0163},
Unique-ID = {WOS:000504857200015},
}

@article{ WOS:000636660300001,
Author = {Detmer, A. Raine and Miller, Robert J. and Reed, Daniel C. and Bell, Tom
   W. and Stier, Adrian C. and Moeller, V, Holly},
Title = {Variation in disturbance to a foundation species structures the dynamics
   of a benthic reef community},
Journal = {ECOLOGY},
Year = {2021},
Volume = {102},
Number = {5},
Month = {MAY},
DOI = {10.1002/ecy.3304},
EarlyAccessDate = {APR 2021},
Article-Number = {e03304},
ISSN = {0012-9658},
EISSN = {1939-9170},
ORCID-Numbers = {Moeller, Holly/0000-0002-9335-0039
   Detmer, A. Raine/0000-0001-5416-0278
   Stier, Adrian/0000-0002-4704-4145
   Bell, Tom/0000-0002-0173-2866
   Miller, Robert/0000-0002-8350-3759},
Unique-ID = {WOS:000636660300001},
}

@article{ WOS:000460899600084,
Author = {Marazzi, Luca and Gaiser, Evelyn E. and Eppinga, Maarten B. and Sah, Jay
   P. and Zhai, Lu and Castaneda-Moya, Edward and Angelini, Christine},
Title = {Why Do We Need to Document and Conserve Foundation Species in Freshwater
   Wetlands?},
Journal = {WATER},
Year = {2019},
Volume = {11},
Number = {2},
Month = {FEB},
DOI = {10.3390/w11020265},
Article-Number = {265},
EISSN = {2073-4441},
ResearcherID-Numbers = {Gaiser, Evelyn/ABG-2507-2020
   Eppinga, Maarten B/M-4291-2013
   },
ORCID-Numbers = {Gaiser, Evelyn/0000-0003-2065-4821
   Castaneda, Edward/0000-0001-7759-4351
   Marazzi, Luca/0000-0002-3098-7059},
Unique-ID = {WOS:000460899600084},
}

@article{ WOS:001123170900001,
Author = {Cameron, Nicole M. and Scrosati, Ricardo A. and Valdivia, Nelson},
Title = {Structural and functional properties of foundation species (mussels vs.
   seaweeds) predict functional aspects of the associated communities},
Journal = {COMMUNITY ECOLOGY},
Year = {2023},
Month = {2023 DEC 13},
DOI = {10.1007/s42974-023-00171-5},
EarlyAccessDate = {DEC 2023},
ISSN = {1585-8553},
EISSN = {1588-2756},
ResearcherID-Numbers = {Valdivia, Nelson/C-3613-2009},
ORCID-Numbers = {Scrosati, Ricardo Augusto/0000-0002-3050-132X
   Valdivia, Nelson/0000-0002-5394-2072},
Unique-ID = {WOS:001123170900001},
}

@article{ WOS:000514233900001,
Author = {Lamy, Thomas and Koenigs, Craig and Holbrook, Sally J. and Miller,
   Robert J. and Stier, Adrian C. and Reed, Daniel C.},
Title = {Foundation species promote community stability by increasing diversity
   in a giant kelp forest},
Journal = {ECOLOGY},
Year = {2020},
Volume = {101},
Number = {5},
Month = {MAY},
DOI = {10.1002/ecy.2987},
EarlyAccessDate = {FEB 2020},
ISSN = {0012-9658},
EISSN = {1939-9170},
ResearcherID-Numbers = {Lamy, Thomas/K-9430-2015
   },
ORCID-Numbers = {Lamy, Thomas/0000-0002-7881-0578
   Stier, Adrian/0000-0002-4704-4145
   Miller, Robert/0000-0002-8350-3759},
Unique-ID = {WOS:000514233900001},
}

@article{ WOS:000626886400001,
Author = {Catalan, Alexis M. and Buchner-Miranda, Joseline and Riedemann, Barbara
   and Chaparro, Oscar R. and Valdivia, Nelson and Scrosati, Ricardo A.},
Title = {Community-wide consequences of nonconsumptive predator effects on a
   foundation species},
Journal = {JOURNAL OF ANIMAL ECOLOGY},
Year = {2021},
Volume = {90},
Number = {5},
Pages = {1307-1316},
Month = {MAY},
DOI = {10.1111/1365-2656.13455},
EarlyAccessDate = {MAR 2021},
ISSN = {0021-8790},
EISSN = {1365-2656},
ResearcherID-Numbers = {Valdivia, Nelson A/C-3613-2009
   Catalán, Alexis/AGZ-0932-2022
   Catalan, Alexis/HKF-2973-2023
   },
ORCID-Numbers = {Valdivia, Nelson A/0000-0002-5394-2072
   Catalán, Alexis/0000-0003-0586-6551
   Riedemann, Barbara/0000-0002-4508-9489
   Scrosati, Ricardo Augusto/0000-0002-3050-132X},
Unique-ID = {WOS:000626886400001},
}

@article{ WOS:000456206700005,
Author = {Vozzo, Maria L. and Bishop, Melanie J.},
Title = {Co-occurring secondary foundation species have distinct effects on the
   recruitment and survival of associated organisms},
Journal = {MARINE ECOLOGY PROGRESS SERIES},
Year = {2019},
Volume = {608},
Pages = {61-72},
Month = {JAN 3},
DOI = {10.3354/meps12823},
ISSN = {0171-8630},
EISSN = {1616-1599},
ResearcherID-Numbers = {Bishop, Melanie/AGA-7862-2022
   },
ORCID-Numbers = {Vozzo, Maria/0000-0002-3885-9908
   Bishop, Melanie/0000-0001-8210-6500},
Unique-ID = {WOS:000456206700005},
}

@article{ WOS:000536176500001,
Author = {Scott, Zoe R. and terHorst, Casey P.},
Title = {The effect of an invasive foundation species on diversity is due to
   increased habitat availability},
Journal = {JOURNAL OF EXPERIMENTAL MARINE BIOLOGY AND ECOLOGY},
Year = {2020},
Volume = {528},
Month = {JUL},
DOI = {10.1016/j.jembe.2020.151384},
Article-Number = {151384},
ISSN = {0022-0981},
EISSN = {1879-1697},
Unique-ID = {WOS:000536176500001},
}

@article{ WOS:000428071900014,
Author = {Record, Sydne and McCabe, Tempest and Baiser, Benjamin and Ellison,
   Aaron M.},
Title = {Identifying foundation species in North American forests using long-term
   data on ant assemblage structure},
Journal = {ECOSPHERE},
Year = {2018},
Volume = {9},
Number = {3},
Month = {MAR},
DOI = {10.1002/ecs2.2139},
Article-Number = {e02139},
ISSN = {2150-8925},
ResearcherID-Numbers = {Baiser, Benjamin/JCE-2177-2023
   },
ORCID-Numbers = {Ellison, Aaron/0000-0003-4151-6081
   Record, Sydne/0000-0001-7293-2155},
Unique-ID = {WOS:000428071900014},
}

@article{ WOS:000483708700013,
Author = {Smith, Rachel S. and Osborne, Todd Z. and Feller, Ilka C. and Byers,
   James E.},
Title = {Detrital traits affect substitutability of a range-expanding foundation
   species across latitude},
Journal = {OIKOS},
Year = {2019},
Volume = {128},
Number = {9},
Pages = {1367-1380},
Month = {SEP},
DOI = {10.1111/oik.06149},
ISSN = {0030-1299},
EISSN = {1600-0706},
ResearcherID-Numbers = {Byers, James/AFJ-8413-2022
   },
ORCID-Numbers = {Byers, James/0000-0001-9240-0287
   Smith, Rachel/0000-0002-8713-126X},
Unique-ID = {WOS:000483708700013},
}

@article{ WOS:000596012000001,
Author = {van Der Heide, Tjisse and Angelini, Christine and de Fouw, Jimmy and
   Eklof, Johan S.},
Title = {Facultative mutualisms: A double-edged sword for foundation species in
   the face of anthropogenic global change},
Journal = {ECOLOGY AND EVOLUTION},
Year = {2021},
Volume = {11},
Number = {1},
Pages = {29-44},
Month = {JAN},
DOI = {10.1002/ece3.7044},
EarlyAccessDate = {DEC 2020},
ISSN = {2045-7758},
ResearcherID-Numbers = {van der Heide, Tjisse/M-3000-2013},
Unique-ID = {WOS:000596012000001},
}

@article{ WOS:000658533600001,
Author = {Lurig, Moritz D. and Narwani, Anita and Penson, Hannele and Wehrli,
   Bernhard and Spaak, Piet and Matthews, Blake},
Title = {Non-additive effects of foundation species determine the response of
   aquatic ecosystems to nutrient perturbation},
Journal = {ECOLOGY},
Year = {2021},
Volume = {102},
Number = {7},
Month = {JUL},
DOI = {10.1002/ecy.3371},
EarlyAccessDate = {JUN 2021},
Article-Number = {e03371},
ISSN = {0012-9658},
EISSN = {1939-9170},
ResearcherID-Numbers = {Matthews, Blake/B-5608-2009
   Wehrli, Bernhard/B-4420-2008
   Wehrli, Bernhard/M-3847-2019
   },
ORCID-Numbers = {Matthews, Blake/0000-0001-9089-704X
   Wehrli, Bernhard/0000-0001-7029-1972
   Wehrli, Bernhard/0000-0001-7029-1972
   Narwani, Anita/0000-0003-4561-0163
   Lurig, Moritz/0000-0002-8175-6234},
Unique-ID = {WOS:000658533600001},
}

@article{ WOS:000949550800001,
Author = {Whitaker, Stephen G. and Ambrose, Richard F. and Anderson, Laura M. and
   Fales, Robin J. and Smith, Jayson R. and Sutton, Sierra and Miller,
   Robert J.},
Title = {Ecological restoration using intertidal foundation species:
   Considerations and potential for rockweed restoration},
Journal = {ECOSPHERE},
Year = {2023},
Volume = {14},
Number = {3},
Month = {MAR},
DOI = {10.1002/ecs2.4411},
Article-Number = {e4411},
ISSN = {2150-8925},
ResearcherID-Numbers = {Ambrose, Richard F./AAQ-1192-2020
   },
ORCID-Numbers = {Ambrose, Richard F./0000-0001-8653-6487
   Anderson, Laura/0009-0006-4389-4384
   Miller, Robert/0000-0002-8350-3759
   Fales, Robin/0000-0003-2437-8916},
Unique-ID = {WOS:000949550800001},
}

@article{ WOS:000542906700001,
Author = {Zamora, Regino and Lazaro-Gonzalez, Alba and Hodar, Jose A.},
Title = {Secondary foundation species foster novel plant-animal interactions in
   the forest canopy: evidence from mistletoe},
Journal = {INSECT CONSERVATION AND DIVERSITY},
Year = {2020},
Volume = {13},
Number = {5},
Pages = {470-479},
Month = {SEP},
DOI = {10.1111/icad.12428},
EarlyAccessDate = {JUN 2020},
ISSN = {1752-458X},
EISSN = {1752-4598},
ResearcherID-Numbers = {Hódar, José A/G-3447-2018
   Lázaro-González, Alba/H-9170-2018
   },
ORCID-Numbers = {Hódar, José A/0000-0003-3475-4997
   Lázaro-González, Alba/0000-0002-3367-180X
   Zamora Rodriguez, Regino/0000-0002-5049-9968},
Unique-ID = {WOS:000542906700001},
}

@article{ WOS:000627896100040,
Author = {Sara, Gianluca and Giommi, Chiara and Giacoletti, Antonio and Conti,
   Erminia and Mulder, Christian and Mangano, M. Cristina},
Title = {Multiple climate-driven cascading ecosystem effects after the loss of a
   foundation species},
Journal = {SCIENCE OF THE TOTAL ENVIRONMENT},
Year = {2021},
Volume = {770},
Month = {MAY 20},
DOI = {10.1016/j.scitotenv.2020.144749},
EarlyAccessDate = {JAN 2021},
Article-Number = {144749},
ISSN = {0048-9697},
EISSN = {1879-1026},
ResearcherID-Numbers = {Mangano, M Cristina/J-5850-2019
   Mulder, Christian/N-4726-2015
   Conti, Erminia/L-2443-2018
   Giacoletti, Antonio/GQQ-7253-2022
   Giacoletti, Antonio/D-8408-2017
   },
ORCID-Numbers = {Mangano, M Cristina/0000-0001-6980-9834
   Mulder, Christian/0000-0001-5735-6989
   Conti, Erminia/0000-0002-8931-6284
   Giacoletti, Antonio/0000-0002-6350-720X
   Giacoletti, Antonio/0000-0002-6350-720X
   Giommi, Chiara/0000-0002-8429-1604},
Unique-ID = {WOS:000627896100040},
}

@article{ WOS:000431612000017,
Author = {Thomsen, Mads S. and Altieri, Andrew H. and Angelini, Christine and
   Bishop, Melanie J. and Gribben, Paul E. and Lear, Gavin and He, Qiang
   and Schiel, David R. and Silliman, Brian R. and South, Paul M. and
   Watson, David M. and Wernberg, Thomas and Zotz, Gerhard},
Title = {Secondary foundation species enhance biodiversity},
Journal = {NATURE ECOLOGY \& EVOLUTION},
Year = {2018},
Volume = {2},
Number = {4},
Pages = {634-639},
Month = {APR},
DOI = {10.1038/s41559-018-0487-5},
ISSN = {2397-334X},
ResearcherID-Numbers = {Zotz, Gerhard/Q-5365-2018
   Lear, Gavin/AHD-1751-2022
   Altieri, Andrew H/P-1738-2017
   Bishop, Melanie/AGA-7862-2022
   Lear, Gavin/AGI-4146-2022
   Thomsen, Mads/B-1204-2011
   Wernberg, Thomas/B-4172-2010
   He, Qiang/G-2012-2011
   },
ORCID-Numbers = {Zotz, Gerhard/0000-0002-6823-2268
   Lear, Gavin/0000-0001-5083-4773
   Wernberg, Thomas/0000-0003-1185-9745
   He, Qiang/0000-0001-6481-0924
   Thomsen, Mads/0000-0003-4597-3343
   Bishop, Melanie/0000-0001-8210-6500
   South, Paul/0000-0003-1096-8990
   Gribben, Paul/0000-0003-2650-5501
   Silliman, Brian/0000-0001-6360-650X
   David, Watson/0000-0003-1821-4632},
Unique-ID = {WOS:000431612000017},
}

@article{ WOS:000444520600013,
Author = {Marshall, Ashleigh and Buhne, Henrike Schulte To and Bland, Lucie and
   Pettorelli, Nathalie},
Title = {Assessing ecosystem collapse risk in ecosystems dominated by foundation
   species: The case of fringe mangroves},
Journal = {ECOLOGICAL INDICATORS},
Year = {2018},
Volume = {91},
Pages = {128-137},
Month = {AUG},
DOI = {10.1016/j.ecolind.2018.03.076},
ISSN = {1470-160X},
EISSN = {1872-7034},
ResearcherID-Numbers = {Bland, Lucie Morgane/AAU-8712-2020
   Pettorelli, Nathalie/AAW-8438-2021
   Marshall, Ashleigh Fleming/HCG-9489-2022
   },
ORCID-Numbers = {Marshall, Ashleigh Fleming/0000-0003-0256-2069
   Pettorelli, Nathalie/0000-0002-1594-6208},
Unique-ID = {WOS:000444520600013},
}

@article{ WOS:000462829500021,
Author = {Ellison, Aaron M.},
Title = {Foundation Species, Non-trophic Interactions, and the Value of Being
   Common},
Journal = {ISCIENCE},
Year = {2019},
Volume = {13},
Pages = {254-268},
Month = {MAR 29},
DOI = {10.1016/j.isci.2019.02.020},
EISSN = {2589-0042},
Unique-ID = {WOS:000462829500021},
}

@article{ WOS:000362264500012,
Author = {Aguera, Antonio and van de Koppel, Johan and Jansen, Jeroen M. and
   Smaal, Aad C. and Bouma, Tjeerd J.},
Title = {Beyond food: a foundation species facilitates its own predator},
Journal = {OIKOS},
Year = {2015},
Volume = {124},
Number = {10},
Pages = {1367-1373},
Month = {OCT},
DOI = {10.1111/oik.01949},
ISSN = {0030-1299},
EISSN = {1600-0706},
ResearcherID-Numbers = {Agüera, Antonio/O-5498-2017
   Bouma, Tjeerd J/A-9841-2011},
ORCID-Numbers = {Agüera, Antonio/0000-0003-0076-1849
   },
Unique-ID = {WOS:000362264500012},
}

@article{ WOS:000550055600018,
Author = {Dudley, Maura P. and Freeman, Mary and Wenger, Seth and Jackson, C.
   Rhett and Pringle, Catherine M.},
Title = {Rethinking foundation species in a changing world: The case for
   <i>Rhododendron maximum</i> as an <i>emerging</i> foundation species in
   shifting ecosystems of the southern Appalachians},
Journal = {FOREST ECOLOGY AND MANAGEMENT},
Year = {2020},
Volume = {472},
Month = {SEP 15},
DOI = {10.1016/j.foreco.2020.118240},
Article-Number = {118240},
ISSN = {0378-1127},
EISSN = {1872-7042},
ResearcherID-Numbers = {Wenger, Seth J/G-6594-2011
   },
ORCID-Numbers = {Jackson, C. Rhett/0000-0001-6165-3556
   Wenger, Seth/0000-0001-7858-960X},
Unique-ID = {WOS:000550055600018},
}

@article{ WOS:000443374400002,
Author = {Borst, Annieke C. W. and Verberk, Wilco C. E. P. and Angelini, Christine
   and Schotanus, Jildou and Wolters, Jan-Willem and Christianen, Marjolijn
   J. A. and van der Zee, Els M. and Derksen-Hooijberg, Marlous and van der
   Heide, Tjisse},
Title = {Foundation species enhance food web complexity through non-trophic
   facilitation},
Journal = {PLOS ONE},
Year = {2018},
Volume = {13},
Number = {8},
Month = {AUG 31},
DOI = {10.1371/journal.pone.0199152},
Article-Number = {e0199152},
ISSN = {1932-6203},
ResearcherID-Numbers = {Verberk, Wilco/E-6337-2011
   van der Heide, Tjisse/M-3000-2013
   Christianen, Marjolijn J. A./B-8847-2011
   },
ORCID-Numbers = {Verberk, Wilco/0000-0002-0691-583X
   Christianen, Marjolijn J. A./0000-0001-5839-2981
   Borst, Annieke/0000-0001-7362-5990
   schotanus, jildou/0000-0003-0665-6521},
Unique-ID = {WOS:000443374400002},
}

@article{ WOS:000302713800002,
Author = {Dijkstra, Jennifer A. and Boudreau, Jacqueline and Dionne, Michele},
Title = {Species-specific mediation of temperature and community interactions by
   multiple foundation species},
Journal = {OIKOS},
Year = {2012},
Volume = {121},
Number = {5},
Pages = {646-654},
Month = {MAY},
DOI = {10.1111/j.1600-0706.2011.19712.x},
ISSN = {0030-1299},
EISSN = {1600-0706},
Unique-ID = {WOS:000302713800002},
}

@article{ WOS:000299805400008,
Author = {Angelini, Christine and Altieri, Andrew H. and Silliman, Brian R. and
   Bertness, Mark D.},
Title = {Interactions among Foundation Species and Their Consequences for
   Community Organization, Biodiversity, and Conservation},
Journal = {BIOSCIENCE},
Year = {2011},
Volume = {61},
Number = {10},
Pages = {782-789},
Month = {OCT},
DOI = {10.1525/bio.2011.61.10.8},
ISSN = {0006-3568},
ResearcherID-Numbers = {Altieri, Andrew H/P-1738-2017
   },
ORCID-Numbers = {Altieri, Andrew/0000-0001-7439-8742
   Silliman, Brian/0000-0001-6360-650X},
Unique-ID = {WOS:000299805400008},
}

@article{ WOS:000918011600001,
Author = {Moeller, Holly V. and Nisbet, Roger M. and Stier, Adrian C.},
Title = {Cascading benefits of mutualists' predators on foundation species: A
   model inspired by coral reef ecosystems},
Journal = {ECOSPHERE},
Year = {2023},
Volume = {14},
Number = {1},
Month = {JAN},
DOI = {10.1002/ecs2.4382},
Article-Number = {e4382},
ISSN = {2150-8925},
ResearcherID-Numbers = {Nisbet, Roger M/B-6951-2014
   },
ORCID-Numbers = {Moeller, Holly/0000-0002-9335-0039
   Stier, Adrian/0000-0002-4704-4145},
Unique-ID = {WOS:000918011600001},
}

@article{ WOS:000751005700015,
Author = {Thomsen, Mads S. and Altieri, Andrew H. and Angelini, Christine and
   Bishop, Melanie J. and Bulleri, Fabio and Farhan, Roxanne and Fruhling,
   Viktoria M. M. and Gribben, Paul E. and Harrison, Seamus B. and He,
   Qiang and Klinghardt, Moritz and Langeneck, Joachim and Lanham, Brendan
   S. and Mondardini, Luca and Mulders, Yannick and Oleksyn, Semonn and
   Ramus, Aaron P. and Schiel, David R. and Schneider, Tristan and
   Siciliano, Alfonso and Silliman, Brian R. and Smale, Dan A. and South,
   Paul M. and Wernberg, Thomas and Zhang, Stacy and Zotz, Gerhard},
Title = {Heterogeneity within and among co-occurring foundation species increases
   biodiversity},
Journal = {NATURE COMMUNICATIONS},
Year = {2022},
Volume = {13},
Number = {1},
Month = {JAN 31},
DOI = {10.1038/s41467-022-28194-y},
Article-Number = {581},
EISSN = {2041-1723},
ResearcherID-Numbers = {Langeneck, Joachim/I-3782-2019
   Altieri, Andrew H/P-1738-2017
   Wernberg, Thomas/B-4172-2010
   Smale, Dan A/B-3240-2011
   Thomsen, Mads/B-1204-2011
   },
ORCID-Numbers = {Langeneck, Joachim/0000-0003-3665-8683
   Wernberg, Thomas/0000-0003-1185-9745
   Zhang, Y. Stacy/0000-0001-6611-9846
   Zotz, Gerhard/0000-0002-6823-2268
   Harrison, Seamus/0000-0002-9909-921X
   Lanham, Brendan/0000-0003-2209-4899
   Bulleri, Fabio/0000-0002-7335-6791
   Thomsen, Mads/0000-0003-4597-3343},
Unique-ID = {WOS:000751005700015},
}

@article{ WOS:000388349200001,
Author = {Jurgens, Laura J. and Gaylord, Brian},
Title = {Edge effects reverse facilitation by a widespread foundation species},
Journal = {SCIENTIFIC REPORTS},
Year = {2016},
Volume = {6},
Month = {NOV 23},
DOI = {10.1038/srep37573},
Article-Number = {37573},
ISSN = {2045-2322},
ORCID-Numbers = {Jurgens, Laura/0000-0003-3565-455X},
Unique-ID = {WOS:000388349200001},
}

@article{ WOS:000233131400020,
Author = {Ellison, AM and Bank, MS and Clinton, BD and Colburn, EA and Elliott, K
   and Ford, CR and Foster, DR and Kloeppel, BD and Knoepp, JD and Lovett,
   GM and Mohan, J and Orwig, DA and Rodenhouse, NL and Sobczak, WV and
   Stinson, KA and Stone, JK and Swan, CM and Thompson, J and Von Holle, B
   and Webster, JR},
Title = {Loss of foundation species: consequences for the structure and dynamics
   of forested ecosystems},
Journal = {FRONTIERS IN ECOLOGY AND THE ENVIRONMENT},
Year = {2005},
Volume = {3},
Number = {9},
Pages = {479-486},
Month = {NOV},
DOI = {10.2307/3868635},
ISSN = {1540-9295},
EISSN = {1540-9309},
ResearcherID-Numbers = {Von Holle, Betsy/GZG-5112-2022
   Lovett, Gary M/H-3800-2013
   Bank, Michael S./HKF-5314-2023
   Thompson, Jill/K-2200-2012
   Swan, Christopher/ITW-1070-2023
   },
ORCID-Numbers = {Von Holle, Betsy/0000-0002-3116-3027
   Bank, Michael S./0000-0001-5194-7171
   Thompson, Jill/0000-0002-4370-2593
   Lovett, Gary/0000-0002-8411-8027
   Ellison, Aaron/0000-0003-4151-6081
   Mohan, Jacqueline/0000-0002-6697-6204
   Miniat, Chelcy/0000-0002-3266-9783
   Webster, Jackson/0000-0002-2649-0867
   Swan, Christopher/0000-0002-9763-9630
   Orwig, David/0000-0001-7822-3560},
Unique-ID = {WOS:000233131400020},
}

@article{ WOS:000493574400008,
Author = {Jodoin, Julien Masse and Guichard, Frederic},
Title = {Non-resource effects of foundation species on meta-ecosystem stability
   and function},
Journal = {OIKOS},
Year = {2019},
Volume = {128},
Number = {11},
Pages = {1613-1632},
Month = {NOV},
DOI = {10.1111/oik.06506},
ISSN = {0030-1299},
EISSN = {1600-0706},
ResearcherID-Numbers = {Guichard, Frederic/B-6188-2015},
ORCID-Numbers = {Guichard, Frederic/0000-0002-7369-482X},
Unique-ID = {WOS:000493574400008},
}
